{
  "INCOME_STATEMENT": {
    "symbol": "BA",
    "annualReports": [
      {
        "fiscalDateEnding": "2024-12-31",
        "reportedCurrency": "USD",
        "grossProfit": "-1958000000",
        "totalRevenue": "66518000000",
        "costOfRevenue": "68476000000",
        "costofGoodsAndServicesSold": "68476000000",
        "operatingIncome": "-10789000000",
        "sellingGeneralAndAdministrative": "5021000000",
        "researchAndDevelopment": "3812000000",
        "operatingExpenses": "8831000000",
        "investmentIncomeNet": "None",
        "netInterestIncome": "-2725000000",
        "interestIncome": "2725000000",
        "interestExpense": "2725000000",
        "nonInterestIncome": "None",
        "otherNonOperatingIncome": "None",
        "depreciation": "None",
        "depreciationAndAmortization": "1836000000",
        "incomeBeforeTax": "-12210000000",
        "incomeTaxExpense": "-381000000",
        "interestAndDebtExpense": "None",
        "netIncomeFromContinuingOperations": "-11829000000",
        "comprehensiveIncomeNetOfTax": "None",
        "ebit": "-9485000000",
        "ebitda": "-7649000000",
        "netIncome": "-11817000000"
      },
      {
        "fiscalDateEnding": "2023-12-31",
        "reportedCurrency": "USD",
        "grossProfit": "7724000000",
        "totalRevenue": "77794000000",
        "costOfRevenue": "70070000000",
        "costofGoodsAndServicesSold": "70070000000",
        "operatingIncome": "-773000000",
        "sellingGeneralAndAdministrative": "5168000000",
        "researchAndDevelopment": "3377000000",
        "operatingExpenses": "8545000000",
        "investmentIncomeNet": "None",
        "netInterestIncome": "-2459000000",
        "interestIncome": "2459000000",
        "interestExpense": "2459000000",
        "nonInterestIncome": "None",
        "otherNonOperatingIncome": "None",
        "depreciation": "None",
        "depreciationAndAmortization": "1861000000",
        "incomeBeforeTax": "-2005000000",
        "incomeTaxExpense": "-237000000",
        "interestAndDebtExpense": "None",
        "netIncomeFromContinuingOperations": "-2242000000",
        "comprehensiveIncomeNetOfTax": "None",
        "ebit": "-773000000",
        "ebitda": "-773000000",
        "netIncome": "-2222000000"
      },
      {
        "fiscalDateEnding": "2022-12-31",
        "reportedCurrency": "USD",
        "grossProfit": "3463000000",
        "totalRevenue": "66607000000",
        "costOfRevenue": "63144000000",
        "costofGoodsAndServicesSold": "63144000000",
        "operatingIncome": "-3554000000",
        "sellingGeneralAndAdministrative": "4187000000",
        "researchAndDevelopment": "2852000000",
        "operatingExpenses": "7017000000",
        "investmentIncomeNet": "None",
        "netInterestIncome": "-2533000000",
        "interestIncome": "2533000000",
        "interestExpense": "2533000000",
        "nonInterestIncome": "None",
        "otherNonOperatingIncome": "1058000000",
        "depreciation": "None",
        "depreciationAndAmortization": "1979000000",
        "incomeBeforeTax": "-5022000000",
        "incomeTaxExpense": "31000000",
        "interestAndDebtExpense": "None",
        "netIncomeFromContinuingOperations": "-5053000000",
        "comprehensiveIncomeNetOfTax": "None",
        "ebit": "-2489000000",
        "ebitda": "-510000000",
        "netIncome": "-4935000000"
      },
      {
        "fiscalDateEnding": "2021-12-31",
        "reportedCurrency": "USD",
        "grossProfit": "6482000000",
        "totalRevenue": "62286000000",
        "costOfRevenue": "55804000000",
        "costofGoodsAndServicesSold": "55804000000",
        "operatingIncome": "63000000",
        "sellingGeneralAndAdministrative": "4157000000",
        "researchAndDevelopment": "2249000000",
        "operatingExpenses": "6419000000",
        "investmentIncomeNet": "None",
        "netInterestIncome": "-2682000000",
        "interestIncome": "2682000000",
        "interestExpense": "2682000000",
        "nonInterestIncome": "None",
        "otherNonOperatingIncome": "None",
        "depreciation": "None",
        "depreciationAndAmortization": "2144000000",
        "incomeBeforeTax": "-5033000000",
        "incomeTaxExpense": "-743000000",
        "interestAndDebtExpense": "None",
        "netIncomeFromContinuingOperations": "-4290000000",
        "comprehensiveIncomeNetOfTax": "None",
        "ebit": "-2351000000",
        "ebitda": "-207000000",
        "netIncome": "-4202000000"
      },
      {
        "fiscalDateEnding": "2020-12-31",
        "reportedCurrency": "USD",
        "grossProfit": "1013000000",
        "totalRevenue": "58161000000",
        "costOfRevenue": "57148000000",
        "costofGoodsAndServicesSold": "57148000000",
        "operatingIncome": "-6273000000",
        "sellingGeneralAndAdministrative": "4817000000",
        "researchAndDevelopment": "2476000000",
        "operatingExpenses": "7286000000",
        "investmentIncomeNet": "None",
        "netInterestIncome": "-2156000000",
        "interestIncome": "2156000000",
        "interestExpense": "2156000000",
        "nonInterestIncome": "None",
        "otherNonOperatingIncome": "447000000",
        "depreciation": "None",
        "depreciationAndAmortization": "2246000000",
        "incomeBeforeTax": "-14476000000",
        "incomeTaxExpense": "-2535000000",
        "interestAndDebtExpense": "None",
        "netIncomeFromContinuingOperations": "-11941000000",
        "comprehensiveIncomeNetOfTax": "None",
        "ebit": "-12320000000",
        "ebitda": "-10074000000",
        "netIncome": "-11873000000"
      },
      {
        "fiscalDateEnding": "2019-12-31",
        "reportedCurrency": "USD",
        "grossProfit": "4491000000",
        "totalRevenue": "76559000000",
        "costOfRevenue": "72068000000",
        "costofGoodsAndServicesSold": "72068000000",
        "operatingIncome": "-1936000000",
        "sellingGeneralAndAdministrative": "3909000000",
        "researchAndDevelopment": "3219000000",
        "operatingExpenses": "6427000000",
        "investmentIncomeNet": "None",
        "netInterestIncome": "-722000000",
        "interestIncome": "722000000",
        "interestExpense": "722000000",
        "nonInterestIncome": "None",
        "otherNonOperatingIncome": "438000000",
        "depreciation": "None",
        "depreciationAndAmortization": "2271000000",
        "incomeBeforeTax": "-2259000000",
        "incomeTaxExpense": "-1623000000",
        "interestAndDebtExpense": "None",
        "netIncomeFromContinuingOperations": "-636000000",
        "comprehensiveIncomeNetOfTax": "None",
        "ebit": "-1537000000",
        "ebitda": "734000000",
        "netIncome": "-636000000"
      },
      {
        "fiscalDateEnding": "2018-12-31",
        "reportedCurrency": "USD",
        "grossProfit": "19637000000",
        "totalRevenue": "101127000000",
        "costOfRevenue": "81490000000",
        "costofGoodsAndServicesSold": "81490000000",
        "operatingIncome": "11801000000",
        "sellingGeneralAndAdministrative": "4567000000",
        "researchAndDevelopment": "3269000000",
        "operatingExpenses": "7836000000",
        "investmentIncomeNet": "None",
        "netInterestIncome": "-475000000",
        "interestIncome": "474000000",
        "interestExpense": "475000000",
        "nonInterestIncome": "None",
        "otherNonOperatingIncome": "92000000",
        "depreciation": "None",
        "depreciationAndAmortization": "2114000000",
        "incomeBeforeTax": "11604000000",
        "incomeTaxExpense": "1144000000",
        "interestAndDebtExpense": "None",
        "netIncomeFromContinuingOperations": "10460000000",
        "comprehensiveIncomeNetOfTax": "None",
        "ebit": "12079000000",
        "ebitda": "14193000000",
        "netIncome": "10453000000"
      },
      {
        "fiscalDateEnding": "2017-12-31",
        "reportedCurrency": "USD",
        "grossProfit": "17393000000",
        "totalRevenue": "94005000000",
        "costOfRevenue": "76612000000",
        "costofGoodsAndServicesSold": "76612000000",
        "operatingIncome": "10119000000",
        "sellingGeneralAndAdministrative": "4094000000",
        "researchAndDevelopment": "3179000000",
        "operatingExpenses": "7274000000",
        "investmentIncomeNet": "None",
        "netInterestIncome": "-360000000",
        "interestIncome": "344000000",
        "interestExpense": "360000000",
        "nonInterestIncome": "None",
        "otherNonOperatingIncome": "129000000",
        "depreciation": "None",
        "depreciationAndAmortization": "2069000000",
        "incomeBeforeTax": "10047000000",
        "incomeTaxExpense": "1850000000",
        "interestAndDebtExpense": "None",
        "netIncomeFromContinuingOperations": "11897000000",
        "comprehensiveIncomeNetOfTax": "None",
        "ebit": "10445000000",
        "ebitda": "12514000000",
        "netIncome": "8452000000"
      },
      {
        "fiscalDateEnding": "2016-12-31",
        "reportedCurrency": "USD",
        "grossProfit": "13781000000",
        "totalRevenue": "94571000000",
        "costOfRevenue": "80790000000",
        "costofGoodsAndServicesSold": "80790000000",
        "operatingIncome": "5538000000",
        "sellingGeneralAndAdministrative": "3616000000",
        "researchAndDevelopment": "4627000000",
        "operatingExpenses": "8243000000",
        "investmentIncomeNet": "None",
        "netInterestIncome": "-306000000",
        "interestIncome": "306000000",
        "interestExpense": "306000000",
        "nonInterestIncome": "None",
        "otherNonOperatingIncome": "40000000",
        "depreciation": "None",
        "depreciationAndAmortization": "1910000000",
        "incomeBeforeTax": "5568000000",
        "incomeTaxExpense": "673000000",
        "interestAndDebtExpense": "None",
        "netIncomeFromContinuingOperations": "6241000000",
        "comprehensiveIncomeNetOfTax": "None",
        "ebit": "5874000000",
        "ebitda": "7784000000",
        "netIncome": "4892000000"
      },
      {
        "fiscalDateEnding": "2015-12-31",
        "reportedCurrency": "USD",
        "grossProfit": "14026000000",
        "totalRevenue": "96114000000",
        "costOfRevenue": "82088000000",
        "costofGoodsAndServicesSold": "82088000000",
        "operatingIncome": "7170000000",
        "sellingGeneralAndAdministrative": "3525000000",
        "researchAndDevelopment": "3331000000",
        "operatingExpenses": "6856000000",
        "investmentIncomeNet": "None",
        "netInterestIncome": "None",
        "interestIncome": "275000000",
        "interestExpense": "275000000",
        "nonInterestIncome": "None",
        "otherNonOperatingIncome": "-13000000",
        "depreciation": "None",
        "depreciationAndAmortization": "1833000000",
        "incomeBeforeTax": "7155000000",
        "incomeTaxExpense": "1979000000",
        "interestAndDebtExpense": "None",
        "netIncomeFromContinuingOperations": "5176000000",
        "comprehensiveIncomeNetOfTax": "None",
        "ebit": "7430000000",
        "ebitda": "9263000000",
        "netIncome": "5172000000"
      },
      {
        "fiscalDateEnding": "2014-12-31",
        "reportedCurrency": "USD",
        "grossProfit": "14010000000",
        "totalRevenue": "90762000000",
        "costOfRevenue": "76752000000",
        "costofGoodsAndServicesSold": "76752000000",
        "operatingIncome": "7196000000",
        "sellingGeneralAndAdministrative": "3767000000",
        "researchAndDevelopment": "3047000000",
        "operatingExpenses": "6814000000",
        "investmentIncomeNet": "None",
        "netInterestIncome": "None",
        "interestIncome": "None",
        "interestExpense": "333000000",
        "nonInterestIncome": "None",
        "otherNonOperatingIncome": "-3000000",
        "depreciation": "None",
        "depreciationAndAmortization": "1906000000",
        "incomeBeforeTax": "7137000000",
        "incomeTaxExpense": "1691000000",
        "interestAndDebtExpense": "None",
        "netIncomeFromContinuingOperations": "5446000000",
        "comprehensiveIncomeNetOfTax": "None",
        "ebit": "7470000000",
        "ebitda": "9376000000",
        "netIncome": "5440000000"
      },
      {
        "fiscalDateEnding": "2013-12-31",
        "reportedCurrency": "USD",
        "grossProfit": "13355000000",
        "totalRevenue": "86623000000",
        "costOfRevenue": "73268000000",
        "costofGoodsAndServicesSold": "73268000000",
        "operatingIncome": "6328000000",
        "sellingGeneralAndAdministrative": "3956000000",
        "researchAndDevelopment": "3071000000",
        "operatingExpenses": "7027000000",
        "investmentIncomeNet": "None",
        "netInterestIncome": "None",
        "interestIncome": "None",
        "interestExpense": "386000000",
        "nonInterestIncome": "None",
        "otherNonOperatingIncome": "56000000",
        "depreciation": "None",
        "depreciationAndAmortization": "1844000000",
        "incomeBeforeTax": "6232000000",
        "incomeTaxExpense": "1646000000",
        "interestAndDebtExpense": "None",
        "netIncomeFromContinuingOperations": "4586000000",
        "comprehensiveIncomeNetOfTax": "None",
        "ebit": "6618000000",
        "ebitda": "8462000000",
        "netIncome": "4579000000"
      },
      {
        "fiscalDateEnding": "2012-12-31",
        "reportedCurrency": "USD",
        "grossProfit": "13054000000",
        "totalRevenue": "81698000000",
        "costOfRevenue": "68644000000",
        "costofGoodsAndServicesSold": "68644000000",
        "operatingIncome": "6039000000",
        "sellingGeneralAndAdministrative": "3717000000",
        "researchAndDevelopment": "3298000000",
        "operatingExpenses": "7015000000",
        "investmentIncomeNet": "None",
        "netInterestIncome": "None",
        "interestIncome": "None",
        "interestExpense": "463000000",
        "nonInterestIncome": "None",
        "otherNonOperatingIncome": "62000000",
        "depreciation": "None",
        "depreciationAndAmortization": "1811000000",
        "incomeBeforeTax": "5910000000",
        "incomeTaxExpense": "2007000000",
        "interestAndDebtExpense": "None",
        "netIncomeFromContinuingOperations": "3903000000",
        "comprehensiveIncomeNetOfTax": "None",
        "ebit": "6373000000",
        "ebitda": "8184000000",
        "netIncome": "3895000000"
      },
      {
        "fiscalDateEnding": "2011-12-31",
        "reportedCurrency": "USD",
        "grossProfit": "12868000000",
        "totalRevenue": "68735000000",
        "costOfRevenue": "55867000000",
        "costofGoodsAndServicesSold": "55867000000",
        "operatingIncome": "5542000000",
        "sellingGeneralAndAdministrative": "3408000000",
        "researchAndDevelopment": "3918000000",
        "operatingExpenses": "7326000000",
        "investmentIncomeNet": "None",
        "netInterestIncome": "None",
        "interestIncome": "None",
        "interestExpense": "498000000",
        "nonInterestIncome": "None",
        "otherNonOperatingIncome": "47000000",
        "depreciation": "None",
        "depreciationAndAmortization": "1660000000",
        "incomeBeforeTax": "5393000000",
        "incomeTaxExpense": "1382000000",
        "interestAndDebtExpense": "None",
        "netIncomeFromContinuingOperations": "4011000000",
        "comprehensiveIncomeNetOfTax": "None",
        "ebit": "5891000000",
        "ebitda": "7551000000",
        "netIncome": "4011000000"
      },
      {
        "fiscalDateEnding": "2010-12-31",
        "reportedCurrency": "USD",
        "grossProfit": "12463000000",
        "totalRevenue": "64306000000",
        "costOfRevenue": "51843000000",
        "costofGoodsAndServicesSold": "51843000000",
        "operatingIncome": "4698000000",
        "sellingGeneralAndAdministrative": "3644000000",
        "researchAndDevelopment": "4121000000",
        "operatingExpenses": "7765000000",
        "investmentIncomeNet": "None",
        "netInterestIncome": "None",
        "interestIncome": "None",
        "interestExpense": "516000000",
        "nonInterestIncome": "None",
        "otherNonOperatingIncome": "52000000",
        "depreciation": "None",
        "depreciationAndAmortization": "1727000000",
        "incomeBeforeTax": "4507000000",
        "incomeTaxExpense": "1196000000",
        "interestAndDebtExpense": "None",
        "netIncomeFromContinuingOperations": "3311000000",
        "comprehensiveIncomeNetOfTax": "None",
        "ebit": "5023000000",
        "ebitda": "6750000000",
        "netIncome": "3311000000"
      },
      {
        "fiscalDateEnding": "2009-12-31",
        "reportedCurrency": "USD",
        "grossProfit": "11741000000",
        "totalRevenue": "68281000000",
        "costOfRevenue": "56540000000",
        "costofGoodsAndServicesSold": "56540000000",
        "operatingIncome": "1871000000",
        "sellingGeneralAndAdministrative": "3364000000",
        "researchAndDevelopment": "6506000000",
        "operatingExpenses": "9870000000",
        "investmentIncomeNet": "None",
        "netInterestIncome": "None",
        "interestIncome": "None",
        "interestExpense": "339000000",
        "nonInterestIncome": "None",
        "otherNonOperatingIncome": "-26000000",
        "depreciation": "None",
        "depreciationAndAmortization": "1666000000",
        "incomeBeforeTax": "1731000000",
        "incomeTaxExpense": "396000000",
        "interestAndDebtExpense": "None",
        "netIncomeFromContinuingOperations": "1335000000",
        "comprehensiveIncomeNetOfTax": "None",
        "ebit": "2070000000",
        "ebitda": "3736000000",
        "netIncome": "1335000000"
      },
      {
        "fiscalDateEnding": "2008-12-31",
        "reportedCurrency": "USD",
        "grossProfit": "10523000000",
        "totalRevenue": "60909000000",
        "costOfRevenue": "50386000000",
        "costofGoodsAndServicesSold": "50386000000",
        "operatingIncome": "3671000000",
        "sellingGeneralAndAdministrative": "3084000000",
        "researchAndDevelopment": "3768000000",
        "operatingExpenses": "6852000000",
        "investmentIncomeNet": "None",
        "netInterestIncome": "None",
        "interestIncome": "None",
        "interestExpense": "202000000",
        "nonInterestIncome": "None",
        "otherNonOperatingIncome": "None",
        "depreciation": "None",
        "depreciationAndAmortization": "1491000000",
        "incomeBeforeTax": "3995000000",
        "incomeTaxExpense": "1341000000",
        "interestAndDebtExpense": "None",
        "netIncomeFromContinuingOperations": "None",
        "comprehensiveIncomeNetOfTax": "None",
        "ebit": "4197000000",
        "ebitda": "5688000000",
        "netIncome": "2654000000"
      },
      {
        "fiscalDateEnding": "2007-12-31",
        "reportedCurrency": "USD",
        "grossProfit": "12961000000",
        "totalRevenue": "66387000000",
        "costOfRevenue": "53426000000",
        "costofGoodsAndServicesSold": "53426000000",
        "operatingIncome": "5580000000",
        "sellingGeneralAndAdministrative": "3531000000",
        "researchAndDevelopment": "3850000000",
        "operatingExpenses": "7381000000",
        "investmentIncomeNet": "None",
        "netInterestIncome": "None",
        "interestIncome": "None",
        "interestExpense": "196000000",
        "nonInterestIncome": "None",
        "otherNonOperatingIncome": "None",
        "depreciation": "None",
        "depreciationAndAmortization": "1486000000",
        "incomeBeforeTax": "6118000000",
        "incomeTaxExpense": "2060000000",
        "interestAndDebtExpense": "None",
        "netIncomeFromContinuingOperations": "None",
        "comprehensiveIncomeNetOfTax": "None",
        "ebit": "6314000000",
        "ebitda": "7800000000",
        "netIncome": "4058000000"
      },
      {
        "fiscalDateEnding": "2006-12-31",
        "reportedCurrency": "USD",
        "grossProfit": "11069000000",
        "totalRevenue": "61530000000",
        "costOfRevenue": "50461000000",
        "costofGoodsAndServicesSold": "50461000000",
        "operatingIncome": "3641000000",
        "sellingGeneralAndAdministrative": "4171000000",
        "researchAndDevelopment": "3257000000",
        "operatingExpenses": "7428000000",
        "investmentIncomeNet": "None",
        "netInterestIncome": "None",
        "interestIncome": "None",
        "interestExpense": "240000000",
        "nonInterestIncome": "None",
        "otherNonOperatingIncome": "None",
        "depreciation": "None",
        "depreciationAndAmortization": "1545000000",
        "incomeBeforeTax": "3194000000",
        "incomeTaxExpense": "988000000",
        "interestAndDebtExpense": "None",
        "netIncomeFromContinuingOperations": "None",
        "comprehensiveIncomeNetOfTax": "None",
        "ebit": "3434000000",
        "ebitda": "4979000000",
        "netIncome": "2206000000"
      },
      {
        "fiscalDateEnding": "2005-12-31",
        "reportedCurrency": "USD",
        "grossProfit": "8996000000",
        "totalRevenue": "53621000000",
        "costOfRevenue": "44625000000",
        "costofGoodsAndServicesSold": "44625000000",
        "operatingIncome": "2563000000",
        "sellingGeneralAndAdministrative": "4228000000",
        "researchAndDevelopment": "2205000000",
        "operatingExpenses": "6433000000",
        "investmentIncomeNet": "None",
        "netInterestIncome": "None",
        "interestIncome": "None",
        "interestExpense": "653000000",
        "nonInterestIncome": "None",
        "otherNonOperatingIncome": "None",
        "depreciation": "None",
        "depreciationAndAmortization": "1503000000",
        "incomeBeforeTax": "2819000000",
        "incomeTaxExpense": "257000000",
        "interestAndDebtExpense": "None",
        "netIncomeFromContinuingOperations": "None",
        "comprehensiveIncomeNetOfTax": "None",
        "ebit": "3415000000",
        "ebitda": "4918000000",
        "netIncome": "2562000000"
      }
    ],
    "quarterlyReports": [
      {
        "fiscalDateEnding": "2025-09-30",
        "reportedCurrency": "None",
        "grossProfit": "-2375000000",
        "totalRevenue": "23270000000",
        "costOfRevenue": "25645000000",
        "costofGoodsAndServicesSold": "25645000000",
        "operatingIncome": "-4781000000",
        "sellingGeneralAndAdministrative": "1522000000",
        "researchAndDevelopment": "897000000",
        "operatingExpenses": "2407000000",
        "investmentIncomeNet": "None",
        "netInterestIncome": "None",
        "interestIncome": "None",
        "interestExpense": "694000000",
        "nonInterestIncome": "None",
        "otherNonOperatingIncome": "None",
        "depreciation": "None",
        "depreciationAndAmortization": "491000000",
        "incomeBeforeTax": "-5199000000",
        "incomeTaxExpense": "140000000",
        "interestAndDebtExpense": "None",
        "netIncomeFromContinuingOperations": "None",
        "comprehensiveIncomeNetOfTax": "None",
        "ebit": "-4505000000",
        "ebitda": "-4014000000",
        "netIncome": "-5337000000"
      },
      {
        "fiscalDateEnding": "2025-06-30",
        "reportedCurrency": "USD",
        "grossProfit": "2450000000",
        "totalRevenue": "22749000000",
        "costOfRevenue": "20299000000",
        "costofGoodsAndServicesSold": "20299000000",
        "operatingIncome": "-255000000",
        "sellingGeneralAndAdministrative": "1793000000",
        "researchAndDevelopment": "910000000",
        "operatingExpenses": "2705000000",
        "investmentIncomeNet": "None",
        "netInterestIncome": "-710000000",
        "interestIncome": "710000000",
        "interestExpense": "710000000",
        "nonInterestIncome": "None",
        "otherNonOperatingIncome": "None",
        "depreciation": "None",
        "depreciationAndAmortization": "460000000",
        "incomeBeforeTax": "-561000000",
        "incomeTaxExpense": "51000000",
        "interestAndDebtExpense": "None",
        "netIncomeFromContinuingOperations": "-612000000",
        "comprehensiveIncomeNetOfTax": "None",
        "ebit": "149000000",
        "ebitda": "609000000",
        "netIncome": "-611000000"
      },
      {
        "fiscalDateEnding": "2025-03-31",
        "reportedCurrency": "USD",
        "grossProfit": "2432000000",
        "totalRevenue": "19496000000",
        "costOfRevenue": "17064000000",
        "costofGoodsAndServicesSold": "17064000000",
        "operatingIncome": "484000000",
        "sellingGeneralAndAdministrative": "1112000000",
        "researchAndDevelopment": "844000000",
        "operatingExpenses": "1948000000",
        "investmentIncomeNet": "None",
        "netInterestIncome": "-708000000",
        "interestIncome": "708000000",
        "interestExpense": "708000000",
        "nonInterestIncome": "None",
        "otherNonOperatingIncome": "None",
        "depreciation": "None",
        "depreciationAndAmortization": "466000000",
        "incomeBeforeTax": "76000000",
        "incomeTaxExpense": "107000000",
        "interestAndDebtExpense": "None",
        "netIncomeFromContinuingOperations": "-31000000",
        "comprehensiveIncomeNetOfTax": "None",
        "ebit": "784000000",
        "ebitda": "1250000000",
        "netIncome": "-37000000"
      },
      {
        "fiscalDateEnding": "2024-12-31",
        "reportedCurrency": "USD",
        "grossProfit": "-1581000000",
        "totalRevenue": "15243000000",
        "costOfRevenue": "16824000000",
        "costofGoodsAndServicesSold": "16824000000",
        "operatingIncome": "-3821000000",
        "sellingGeneralAndAdministrative": "1398000000",
        "researchAndDevelopment": "836000000",
        "operatingExpenses": "2240000000",
        "investmentIncomeNet": "None",
        "netInterestIncome": "-755000000",
        "interestIncome": "755000000",
        "interestExpense": "755000000",
        "nonInterestIncome": "None",
        "otherNonOperatingIncome": "None",
        "depreciation": "None",
        "depreciationAndAmortization": "509000000",
        "incomeBeforeTax": "-4093000000",
        "incomeTaxExpense": "-232000000",
        "interestAndDebtExpense": "None",
        "netIncomeFromContinuingOperations": "-3861000000",
        "comprehensiveIncomeNetOfTax": "None",
        "ebit": "-3338000000",
        "ebitda": "-2829000000",
        "netIncome": "-3865000000"
      },
      {
        "fiscalDateEnding": "2024-09-30",
        "reportedCurrency": "USD",
        "grossProfit": "-3506000000",
        "totalRevenue": "17840000000",
        "costOfRevenue": "21346000000",
        "costofGoodsAndServicesSold": "21346000000",
        "operatingIncome": "-5747000000",
        "sellingGeneralAndAdministrative": "1085000000",
        "researchAndDevelopment": "1154000000",
        "operatingExpenses": "2241000000",
        "investmentIncomeNet": "None",
        "netInterestIncome": "-728000000",
        "interestIncome": "728000000",
        "interestExpense": "728000000",
        "nonInterestIncome": "None",
        "otherNonOperatingIncome": "None",
        "depreciation": "None",
        "depreciationAndAmortization": "444000000",
        "incomeBeforeTax": "-6224000000",
        "incomeTaxExpense": "-50000000",
        "interestAndDebtExpense": "None",
        "netIncomeFromContinuingOperations": "-6174000000",
        "comprehensiveIncomeNetOfTax": "None",
        "ebit": "-5496000000",
        "ebitda": "-5052000000",
        "netIncome": "-6170000000"
      },
      {
        "fiscalDateEnding": "2024-06-30",
        "reportedCurrency": "USD",
        "grossProfit": "1246000000",
        "totalRevenue": "16866000000",
        "costOfRevenue": "15620000000",
        "costofGoodsAndServicesSold": "15620000000",
        "operatingIncome": "-1077000000",
        "sellingGeneralAndAdministrative": "1377000000",
        "researchAndDevelopment": "954000000",
        "operatingExpenses": "2323000000",
        "investmentIncomeNet": "None",
        "netInterestIncome": "-673000000",
        "interestIncome": "None",
        "interestExpense": "673000000",
        "nonInterestIncome": "None",
        "otherNonOperatingIncome": "None",
        "depreciation": "None",
        "depreciationAndAmortization": "441000000",
        "incomeBeforeTax": "-1515000000",
        "incomeTaxExpense": "-76000000",
        "interestAndDebtExpense": "None",
        "netIncomeFromContinuingOperations": "-1439000000",
        "comprehensiveIncomeNetOfTax": "None",
        "ebit": "-842000000",
        "ebitda": "-401000000",
        "netIncome": "-1439000000"
      },
      {
        "fiscalDateEnding": "2024-03-31",
        "reportedCurrency": "USD",
        "grossProfit": "1883000000",
        "totalRevenue": "16569000000",
        "costOfRevenue": "14686000000",
        "costofGoodsAndServicesSold": "14686000000",
        "operatingIncome": "-144000000",
        "sellingGeneralAndAdministrative": "1161000000",
        "researchAndDevelopment": "868000000",
        "operatingExpenses": "2027000000",
        "investmentIncomeNet": "None",
        "netInterestIncome": "-569000000",
        "interestIncome": "None",
        "interestExpense": "569000000",
        "nonInterestIncome": "None",
        "otherNonOperatingIncome": "None",
        "depreciation": "None",
        "depreciationAndAmortization": "442000000",
        "incomeBeforeTax": "-378000000",
        "incomeTaxExpense": "-23000000",
        "interestAndDebtExpense": "None",
        "netIncomeFromContinuingOperations": "-355000000",
        "comprehensiveIncomeNetOfTax": "None",
        "ebit": "191000000",
        "ebitda": "633000000",
        "netIncome": "-343000000"
      },
      {
        "fiscalDateEnding": "2023-12-31",
        "reportedCurrency": "USD",
        "grossProfit": "2694000000",
        "totalRevenue": "22018000000",
        "costOfRevenue": "19324000000",
        "costofGoodsAndServicesSold": "19324000000",
        "operatingIncome": "287000000",
        "sellingGeneralAndAdministrative": "1535000000",
        "researchAndDevelopment": "881000000",
        "operatingExpenses": "2407000000",
        "investmentIncomeNet": "None",
        "netInterestIncome": "-600000000",
        "interestIncome": "None",
        "interestExpense": "600000000",
        "nonInterestIncome": "None",
        "otherNonOperatingIncome": "None",
        "depreciation": "None",
        "depreciationAndAmortization": "481000000",
        "incomeBeforeTax": "-9000000",
        "incomeTaxExpense": "21000000",
        "interestAndDebtExpense": "None",
        "netIncomeFromContinuingOperations": "-30000000",
        "comprehensiveIncomeNetOfTax": "None",
        "ebit": "591000000",
        "ebitda": "1072000000",
        "netIncome": "-23000000"
      },
      {
        "fiscalDateEnding": "2023-09-30",
        "reportedCurrency": "USD",
        "grossProfit": "1173000000",
        "totalRevenue": "18104000000",
        "costOfRevenue": "16931000000",
        "costofGoodsAndServicesSold": "16931000000",
        "operatingIncome": "-831000000",
        "sellingGeneralAndAdministrative": "1043000000",
        "researchAndDevelopment": "958000000",
        "operatingExpenses": "2004000000",
        "investmentIncomeNet": "None",
        "netInterestIncome": "-589000000",
        "interestIncome": "589000000",
        "interestExpense": "589000000",
        "nonInterestIncome": "None",
        "otherNonOperatingIncome": "None",
        "depreciation": "None",
        "depreciationAndAmortization": "467000000",
        "incomeBeforeTax": "-1100000000",
        "incomeTaxExpense": "538000000",
        "interestAndDebtExpense": "None",
        "netIncomeFromContinuingOperations": "-1638000000",
        "comprehensiveIncomeNetOfTax": "None",
        "ebit": "-511000000",
        "ebitda": "-44000000",
        "netIncome": "-1636000000"
      },
      {
        "fiscalDateEnding": "2023-06-30",
        "reportedCurrency": "USD",
        "grossProfit": "1933000000",
        "totalRevenue": "19751000000",
        "costOfRevenue": "17818000000",
        "costofGoodsAndServicesSold": "17818000000",
        "operatingIncome": "-141000000",
        "sellingGeneralAndAdministrative": "1286000000",
        "researchAndDevelopment": "797000000",
        "operatingExpenses": "2074000000",
        "investmentIncomeNet": "None",
        "netInterestIncome": "-621000000",
        "interestIncome": "621000000",
        "interestExpense": "621000000",
        "nonInterestIncome": "None",
        "otherNonOperatingIncome": "320000000",
        "depreciation": "None",
        "depreciationAndAmortization": "456000000",
        "incomeBeforeTax": "-400000000",
        "incomeTaxExpense": "-251000000",
        "interestAndDebtExpense": "None",
        "netIncomeFromContinuingOperations": "-149000000",
        "comprehensiveIncomeNetOfTax": "None",
        "ebit": "221000000",
        "ebitda": "677000000",
        "netIncome": "-149000000"
      },
      {
        "fiscalDateEnding": "2023-03-31",
        "reportedCurrency": "USD",
        "grossProfit": "1908000000",
        "totalRevenue": "17921000000",
        "costOfRevenue": "16013000000",
        "costofGoodsAndServicesSold": "16013000000",
        "operatingIncome": "-128000000",
        "sellingGeneralAndAdministrative": "1304000000",
        "researchAndDevelopment": "741000000",
        "operatingExpenses": "2036000000",
        "investmentIncomeNet": "None",
        "netInterestIncome": "-649000000",
        "interestIncome": "649000000",
        "interestExpense": "649000000",
        "nonInterestIncome": "None",
        "otherNonOperatingIncome": "302000000",
        "depreciation": "None",
        "depreciationAndAmortization": "457000000",
        "incomeBeforeTax": "-496000000",
        "incomeTaxExpense": "-71000000",
        "interestAndDebtExpense": "None",
        "netIncomeFromContinuingOperations": "-425000000",
        "comprehensiveIncomeNetOfTax": "None",
        "ebit": "153000000",
        "ebitda": "610000000",
        "netIncome": "-414000000"
      },
      {
        "fiscalDateEnding": "2022-12-31",
        "reportedCurrency": "USD",
        "grossProfit": "1845000000",
        "totalRevenue": "19980000000",
        "costOfRevenue": "18135000000",
        "costofGoodsAndServicesSold": "18135000000",
        "operatingIncome": "-365000000",
        "sellingGeneralAndAdministrative": "1430000000",
        "researchAndDevelopment": "794000000",
        "operatingExpenses": "2210000000",
        "investmentIncomeNet": "None",
        "netInterestIncome": "-632000000",
        "interestIncome": "632000000",
        "interestExpense": "632000000",
        "nonInterestIncome": "None",
        "otherNonOperatingIncome": "336000000",
        "depreciation": "None",
        "depreciationAndAmortization": "502000000",
        "incomeBeforeTax": "-649000000",
        "incomeTaxExpense": "14000000",
        "interestAndDebtExpense": "None",
        "netIncomeFromContinuingOperations": "-663000000",
        "comprehensiveIncomeNetOfTax": "None",
        "ebit": "-17000000",
        "ebitda": "485000000",
        "netIncome": "-634000000"
      },
      {
        "fiscalDateEnding": "2022-09-30",
        "reportedCurrency": "USD",
        "grossProfit": "-833000000",
        "totalRevenue": "15955000000",
        "costOfRevenue": "16788000000",
        "costofGoodsAndServicesSold": "16788000000",
        "operatingIncome": "-2783000000",
        "sellingGeneralAndAdministrative": "1226000000",
        "researchAndDevelopment": "727000000",
        "operatingExpenses": "1950000000",
        "investmentIncomeNet": "None",
        "netInterestIncome": "-621000000",
        "interestIncome": "621000000",
        "interestExpense": "621000000",
        "nonInterestIncome": "None",
        "otherNonOperatingIncome": "288000000",
        "depreciation": "None",
        "depreciationAndAmortization": "493000000",
        "incomeBeforeTax": "-3132000000",
        "incomeTaxExpense": "176000000",
        "interestAndDebtExpense": "None",
        "netIncomeFromContinuingOperations": "-3308000000",
        "comprehensiveIncomeNetOfTax": "None",
        "ebit": "-2511000000",
        "ebitda": "-2018000000",
        "netIncome": "-3275000000"
      },
      {
        "fiscalDateEnding": "2022-06-30",
        "reportedCurrency": "USD",
        "grossProfit": "2111000000",
        "totalRevenue": "16681000000",
        "costOfRevenue": "14570000000",
        "costofGoodsAndServicesSold": "14570000000",
        "operatingIncome": "750000000",
        "sellingGeneralAndAdministrative": "668000000",
        "researchAndDevelopment": "698000000",
        "operatingExpenses": "1361000000",
        "investmentIncomeNet": "None",
        "netInterestIncome": "-650000000",
        "interestIncome": "650000000",
        "interestExpense": "650000000",
        "nonInterestIncome": "None",
        "otherNonOperatingIncome": "253000000",
        "depreciation": "None",
        "depreciationAndAmortization": "498000000",
        "incomeBeforeTax": "377000000",
        "incomeTaxExpense": "217000000",
        "interestAndDebtExpense": "None",
        "netIncomeFromContinuingOperations": "160000000",
        "comprehensiveIncomeNetOfTax": "None",
        "ebit": "1027000000",
        "ebitda": "1525000000",
        "netIncome": "193000000"
      },
      {
        "fiscalDateEnding": "2022-03-31",
        "reportedCurrency": "USD",
        "grossProfit": "340000000",
        "totalRevenue": "13991000000",
        "costOfRevenue": "13651000000",
        "costofGoodsAndServicesSold": "13651000000",
        "operatingIncome": "-1157000000",
        "sellingGeneralAndAdministrative": "863000000",
        "researchAndDevelopment": "633000000",
        "operatingExpenses": "1497000000",
        "investmentIncomeNet": "None",
        "netInterestIncome": "-630000000",
        "interestIncome": "630000000",
        "interestExpense": "630000000",
        "nonInterestIncome": "None",
        "otherNonOperatingIncome": "181000000",
        "depreciation": "None",
        "depreciationAndAmortization": "486000000",
        "incomeBeforeTax": "-1618000000",
        "incomeTaxExpense": "-376000000",
        "interestAndDebtExpense": "None",
        "netIncomeFromContinuingOperations": "-1242000000",
        "comprehensiveIncomeNetOfTax": "None",
        "ebit": "-988000000",
        "ebitda": "-502000000",
        "netIncome": "-1219000000"
      },
      {
        "fiscalDateEnding": "2021-12-31",
        "reportedCurrency": "USD",
        "grossProfit": "946000000",
        "totalRevenue": "14793000000",
        "costOfRevenue": "13847000000",
        "costofGoodsAndServicesSold": "13847000000",
        "operatingIncome": "-720000000",
        "sellingGeneralAndAdministrative": "988000000",
        "researchAndDevelopment": "678000000",
        "operatingExpenses": "1666000000",
        "investmentIncomeNet": "None",
        "netInterestIncome": "-661000000",
        "interestIncome": "661000000",
        "interestExpense": "661000000",
        "nonInterestIncome": "None",
        "otherNonOperatingIncome": "None",
        "depreciation": "None",
        "depreciationAndAmortization": "534000000",
        "incomeBeforeTax": "-4700000000",
        "incomeTaxExpense": "-536000000",
        "interestAndDebtExpense": "None",
        "netIncomeFromContinuingOperations": "-4164000000",
        "comprehensiveIncomeNetOfTax": "None",
        "ebit": "-4039000000",
        "ebitda": "-3505000000",
        "netIncome": "-4143000000"
      },
      {
        "fiscalDateEnding": "2021-09-30",
        "reportedCurrency": "USD",
        "grossProfit": "1707000000",
        "totalRevenue": "15278000000",
        "costOfRevenue": "13571000000",
        "costofGoodsAndServicesSold": "13571000000",
        "operatingIncome": "34000000",
        "sellingGeneralAndAdministrative": "1097000000",
        "researchAndDevelopment": "575000000",
        "operatingExpenses": "1673000000",
        "investmentIncomeNet": "None",
        "netInterestIncome": "-669000000",
        "interestIncome": "669000000",
        "interestExpense": "669000000",
        "nonInterestIncome": "None",
        "otherNonOperatingIncome": "30000000",
        "depreciation": "None",
        "depreciationAndAmortization": "523000000",
        "incomeBeforeTax": "-310000000",
        "incomeTaxExpense": "-178000000",
        "interestAndDebtExpense": "None",
        "netIncomeFromContinuingOperations": "-132000000",
        "comprehensiveIncomeNetOfTax": "None",
        "ebit": "359000000",
        "ebitda": "882000000",
        "netIncome": "-109000000"
      },
      {
        "fiscalDateEnding": "2021-06-30",
        "reportedCurrency": "USD",
        "grossProfit": "2417000000",
        "totalRevenue": "16998000000",
        "costOfRevenue": "14581000000",
        "costofGoodsAndServicesSold": "14581000000",
        "operatingIncome": "873000000",
        "sellingGeneralAndAdministrative": "1040000000",
        "researchAndDevelopment": "497000000",
        "operatingExpenses": "1544000000",
        "investmentIncomeNet": "None",
        "netInterestIncome": "-673000000",
        "interestIncome": "673000000",
        "interestExpense": "673000000",
        "nonInterestIncome": "None",
        "otherNonOperatingIncome": "199000000",
        "depreciation": "None",
        "depreciationAndAmortization": "551000000",
        "incomeBeforeTax": "549000000",
        "incomeTaxExpense": "-18000000",
        "interestAndDebtExpense": "None",
        "netIncomeFromContinuingOperations": "567000000",
        "comprehensiveIncomeNetOfTax": "None",
        "ebit": "1222000000",
        "ebitda": "1773000000",
        "netIncome": "587000000"
      },
      {
        "fiscalDateEnding": "2021-03-31",
        "reportedCurrency": "USD",
        "grossProfit": "1412000000",
        "totalRevenue": "15217000000",
        "costOfRevenue": "13805000000",
        "costofGoodsAndServicesSold": "13805000000",
        "operatingIncome": "-124000000",
        "sellingGeneralAndAdministrative": "1032000000",
        "researchAndDevelopment": "499000000",
        "operatingExpenses": "1536000000",
        "investmentIncomeNet": "None",
        "netInterestIncome": "-679000000",
        "interestIncome": "679000000",
        "interestExpense": "679000000",
        "nonInterestIncome": "None",
        "otherNonOperatingIncome": "190000000",
        "depreciation": "None",
        "depreciationAndAmortization": "536000000",
        "incomeBeforeTax": "-572000000",
        "incomeTaxExpense": "-11000000",
        "interestAndDebtExpense": "None",
        "netIncomeFromContinuingOperations": "-561000000",
        "comprehensiveIncomeNetOfTax": "None",
        "ebit": "107000000",
        "ebitda": "643000000",
        "netIncome": "-537000000"
      },
      {
        "fiscalDateEnding": "2020-12-31",
        "reportedCurrency": "USD",
        "grossProfit": "837000000",
        "totalRevenue": "15305000000",
        "costOfRevenue": "14468000000",
        "costofGoodsAndServicesSold": "14468000000",
        "operatingIncome": "-1583000000",
        "sellingGeneralAndAdministrative": "1828000000",
        "researchAndDevelopment": "605000000",
        "operatingExpenses": "2420000000",
        "investmentIncomeNet": "None",
        "netInterestIncome": "-698000000",
        "interestIncome": "698000000",
        "interestExpense": "698000000",
        "nonInterestIncome": "None",
        "otherNonOperatingIncome": "122000000",
        "depreciation": "None",
        "depreciationAndAmortization": "578000000",
        "incomeBeforeTax": "-8625000000",
        "incomeTaxExpense": "-186000000",
        "interestAndDebtExpense": "None",
        "netIncomeFromContinuingOperations": "-3741000000",
        "comprehensiveIncomeNetOfTax": "None",
        "ebit": "-7927000000",
        "ebitda": "-7349000000",
        "netIncome": "-8420000000"
      },
      {
        "fiscalDateEnding": "2020-09-30",
        "reportedCurrency": "USD",
        "grossProfit": "1044000000",
        "totalRevenue": "14140000000",
        "costOfRevenue": "13096000000",
        "costofGoodsAndServicesSold": "13096000000",
        "operatingIncome": "-485000000",
        "sellingGeneralAndAdministrative": "955000000",
        "researchAndDevelopment": "574000000",
        "operatingExpenses": "1529000000",
        "investmentIncomeNet": "None",
        "netInterestIncome": "-643000000",
        "interestIncome": "643000000",
        "interestExpense": "643000000",
        "nonInterestIncome": "None",
        "otherNonOperatingIncome": "119000000",
        "depreciation": "None",
        "depreciationAndAmortization": "565000000",
        "incomeBeforeTax": "-925000000",
        "incomeTaxExpense": "-459000000",
        "interestAndDebtExpense": "None",
        "netIncomeFromContinuingOperations": "-1384000000",
        "comprehensiveIncomeNetOfTax": "None",
        "ebit": "-282000000",
        "ebitda": "283000000",
        "netIncome": "-449000000"
      },
      {
        "fiscalDateEnding": "2020-06-30",
        "reportedCurrency": "USD",
        "grossProfit": "-1164000000",
        "totalRevenue": "11807000000",
        "costOfRevenue": "12971000000",
        "costofGoodsAndServicesSold": "12971000000",
        "operatingIncome": "-2956000000",
        "sellingGeneralAndAdministrative": "1161000000",
        "researchAndDevelopment": "625000000",
        "operatingExpenses": "1792000000",
        "investmentIncomeNet": "None",
        "netInterestIncome": "-553000000",
        "interestIncome": "547000000",
        "interestExpense": "553000000",
        "nonInterestIncome": "None",
        "otherNonOperatingIncome": "94000000",
        "depreciation": "None",
        "depreciationAndAmortization": "547000000",
        "incomeBeforeTax": "-3423000000",
        "incomeTaxExpense": "-1028000000",
        "interestAndDebtExpense": "None",
        "netIncomeFromContinuingOperations": "-4451000000",
        "comprehensiveIncomeNetOfTax": "None",
        "ebit": "-2870000000",
        "ebitda": "-2323000000",
        "netIncome": "-2376000000"
      },
      {
        "fiscalDateEnding": "2020-03-31",
        "reportedCurrency": "USD",
        "grossProfit": "143000000",
        "totalRevenue": "16909000000",
        "costOfRevenue": "16766000000",
        "costofGoodsAndServicesSold": "16766000000",
        "operatingIncome": "-1402000000",
        "sellingGeneralAndAdministrative": "873000000",
        "researchAndDevelopment": "672000000",
        "operatingExpenses": "1545000000",
        "investmentIncomeNet": "None",
        "netInterestIncome": "-262000000",
        "interestIncome": "257000000",
        "interestExpense": "262000000",
        "nonInterestIncome": "None",
        "otherNonOperatingIncome": "112000000",
        "depreciation": "None",
        "depreciationAndAmortization": "556000000",
        "incomeBeforeTax": "-1503000000",
        "incomeTaxExpense": "-862000000",
        "interestAndDebtExpense": "None",
        "netIncomeFromContinuingOperations": "-2365000000",
        "comprehensiveIncomeNetOfTax": "None",
        "ebit": "-1241000000",
        "ebitda": "-685000000",
        "netIncome": "-628000000"
      },
      {
        "fiscalDateEnding": "2019-12-31",
        "reportedCurrency": "USD",
        "grossProfit": "-792000000",
        "totalRevenue": "17911000000",
        "costOfRevenue": "18703000000",
        "costofGoodsAndServicesSold": "18703000000",
        "operatingIncome": "-2248000000",
        "sellingGeneralAndAdministrative": "1052000000",
        "researchAndDevelopment": "749000000",
        "operatingExpenses": "1456000000",
        "investmentIncomeNet": "None",
        "netInterestIncome": "-242000000",
        "interestIncome": "242000000",
        "interestExpense": "242000000",
        "nonInterestIncome": "None",
        "otherNonOperatingIncome": "104000000",
        "depreciation": "None",
        "depreciationAndAmortization": "628000000",
        "incomeBeforeTax": "-2342000000",
        "incomeTaxExpense": "-1332000000",
        "interestAndDebtExpense": "None",
        "netIncomeFromContinuingOperations": "-1010000000",
        "comprehensiveIncomeNetOfTax": "None",
        "ebit": "-2100000000",
        "ebitda": "-1472000000",
        "netIncome": "-1010000000"
      },
      {
        "fiscalDateEnding": "2019-09-30",
        "reportedCurrency": "USD",
        "grossProfit": "3065000000",
        "totalRevenue": "19986000000",
        "costOfRevenue": "16921000000",
        "costofGoodsAndServicesSold": "16921000000",
        "operatingIncome": "1339000000",
        "sellingGeneralAndAdministrative": "1001000000",
        "researchAndDevelopment": "778000000",
        "operatingExpenses": "1726000000",
        "investmentIncomeNet": "None",
        "netInterestIncome": "-203000000",
        "interestIncome": "204000000",
        "interestExpense": "203000000",
        "nonInterestIncome": "None",
        "otherNonOperatingIncome": "121000000",
        "depreciation": "None",
        "depreciationAndAmortization": "576000000",
        "incomeBeforeTax": "1177000000",
        "incomeTaxExpense": "10000000",
        "interestAndDebtExpense": "None",
        "netIncomeFromContinuingOperations": "1167000000",
        "comprehensiveIncomeNetOfTax": "None",
        "ebit": "1380000000",
        "ebitda": "1956000000",
        "netIncome": "1166000000"
      },
      {
        "fiscalDateEnding": "2019-06-30",
        "reportedCurrency": "USD",
        "grossProfit": "-2053000000",
        "totalRevenue": "15750000000",
        "costOfRevenue": "17803000000",
        "costofGoodsAndServicesSold": "17803000000",
        "operatingIncome": "-3522000000",
        "sellingGeneralAndAdministrative": "672000000",
        "researchAndDevelopment": "826000000",
        "operatingExpenses": "1469000000",
        "investmentIncomeNet": "None",
        "netInterestIncome": "-154000000",
        "interestIncome": "154000000",
        "interestExpense": "154000000",
        "nonInterestIncome": "None",
        "otherNonOperatingIncome": "107000000",
        "depreciation": "None",
        "depreciationAndAmortization": "546000000",
        "incomeBeforeTax": "-3427000000",
        "incomeTaxExpense": "-485000000",
        "interestAndDebtExpense": "None",
        "netIncomeFromContinuingOperations": "-2942000000",
        "comprehensiveIncomeNetOfTax": "None",
        "ebit": "-3273000000",
        "ebitda": "-2727000000",
        "netIncome": "-2942000000"
      },
      {
        "fiscalDateEnding": "2019-03-31",
        "reportedCurrency": "USD",
        "grossProfit": "4271000000",
        "totalRevenue": "22912000000",
        "costOfRevenue": "18641000000",
        "costofGoodsAndServicesSold": "18641000000",
        "operatingIncome": "2503000000",
        "sellingGeneralAndAdministrative": "1184000000",
        "researchAndDevelopment": "866000000",
        "operatingExpenses": "1768000000",
        "investmentIncomeNet": "None",
        "netInterestIncome": "-123000000",
        "interestIncome": "None",
        "interestExpense": "123000000",
        "nonInterestIncome": "None",
        "otherNonOperatingIncome": "106000000",
        "depreciation": "None",
        "depreciationAndAmortization": "521000000",
        "incomeBeforeTax": "2333000000",
        "incomeTaxExpense": "184000000",
        "interestAndDebtExpense": "None",
        "netIncomeFromContinuingOperations": "2149000000",
        "comprehensiveIncomeNetOfTax": "None",
        "ebit": "2456000000",
        "ebitda": "2977000000",
        "netIncome": "2147000000"
      },
      {
        "fiscalDateEnding": "2018-12-31",
        "reportedCurrency": "USD",
        "grossProfit": "6251000000",
        "totalRevenue": "28341000000",
        "costOfRevenue": "22090000000",
        "costofGoodsAndServicesSold": "22090000000",
        "operatingIncome": "4177000000",
        "sellingGeneralAndAdministrative": "1222000000",
        "researchAndDevelopment": "852000000",
        "operatingExpenses": "2074000000",
        "investmentIncomeNet": "None",
        "netInterestIncome": "None",
        "interestIncome": "None",
        "interestExpense": "158000000",
        "nonInterestIncome": "None",
        "otherNonOperatingIncome": "29000000",
        "depreciation": "None",
        "depreciationAndAmortization": "583000000",
        "incomeBeforeTax": "4046000000",
        "incomeTaxExpense": "622000000",
        "interestAndDebtExpense": "None",
        "netIncomeFromContinuingOperations": "3424000000",
        "comprehensiveIncomeNetOfTax": "None",
        "ebit": "4204000000",
        "ebitda": "4787000000",
        "netIncome": "3422000000"
      },
      {
        "fiscalDateEnding": "2018-09-30",
        "reportedCurrency": "USD",
        "grossProfit": "4106000000",
        "totalRevenue": "25146000000",
        "costOfRevenue": "21040000000",
        "costofGoodsAndServicesSold": "21040000000",
        "operatingIncome": "2126000000",
        "sellingGeneralAndAdministrative": "1154000000",
        "researchAndDevelopment": "826000000",
        "operatingExpenses": "1980000000",
        "investmentIncomeNet": "None",
        "netInterestIncome": "None",
        "interestIncome": "None",
        "interestExpense": "106000000",
        "nonInterestIncome": "None",
        "otherNonOperatingIncome": "12000000",
        "depreciation": "None",
        "depreciationAndAmortization": "523000000",
        "incomeBeforeTax": "2133000000",
        "incomeTaxExpense": "-230000000",
        "interestAndDebtExpense": "None",
        "netIncomeFromContinuingOperations": "2363000000",
        "comprehensiveIncomeNetOfTax": "None",
        "ebit": "2239000000",
        "ebitda": "2762000000",
        "netIncome": "2361000000"
      },
      {
        "fiscalDateEnding": "2018-06-30",
        "reportedCurrency": "USD",
        "grossProfit": "4722000000",
        "totalRevenue": "24258000000",
        "costOfRevenue": "19536000000",
        "costofGoodsAndServicesSold": "19536000000",
        "operatingIncome": "2701000000",
        "sellingGeneralAndAdministrative": "1194000000",
        "researchAndDevelopment": "827000000",
        "operatingExpenses": "2021000000",
        "investmentIncomeNet": "None",
        "netInterestIncome": "None",
        "interestIncome": "None",
        "interestExpense": "109000000",
        "nonInterestIncome": "None",
        "otherNonOperatingIncome": "-15000000",
        "depreciation": "None",
        "depreciationAndAmortization": "507000000",
        "incomeBeforeTax": "2586000000",
        "incomeTaxExpense": "390000000",
        "interestAndDebtExpense": "None",
        "netIncomeFromContinuingOperations": "2196000000",
        "comprehensiveIncomeNetOfTax": "None",
        "ebit": "2695000000",
        "ebitda": "3202000000",
        "netIncome": "2196000000"
      },
      {
        "fiscalDateEnding": "2018-03-31",
        "reportedCurrency": "USD",
        "grossProfit": "4558000000",
        "totalRevenue": "23382000000",
        "costOfRevenue": "18824000000",
        "costofGoodsAndServicesSold": "18824000000",
        "operatingIncome": "2797000000",
        "sellingGeneralAndAdministrative": "997000000",
        "researchAndDevelopment": "764000000",
        "operatingExpenses": "1761000000",
        "investmentIncomeNet": "None",
        "netInterestIncome": "None",
        "interestIncome": "None",
        "interestExpense": "102000000",
        "nonInterestIncome": "None",
        "otherNonOperatingIncome": "66000000",
        "depreciation": "None",
        "depreciationAndAmortization": "501000000",
        "incomeBeforeTax": "2839000000",
        "incomeTaxExpense": "362000000",
        "interestAndDebtExpense": "None",
        "netIncomeFromContinuingOperations": "2477000000",
        "comprehensiveIncomeNetOfTax": "None",
        "ebit": "2941000000",
        "ebitda": "3442000000",
        "netIncome": "2474000000"
      },
      {
        "fiscalDateEnding": "2017-12-31",
        "reportedCurrency": "USD",
        "grossProfit": "4941000000",
        "totalRevenue": "25368000000",
        "costOfRevenue": "20427000000",
        "costofGoodsAndServicesSold": "20427000000",
        "operatingIncome": "2974000000",
        "sellingGeneralAndAdministrative": "1206000000",
        "researchAndDevelopment": "761000000",
        "operatingExpenses": "1967000000",
        "investmentIncomeNet": "None",
        "netInterestIncome": "None",
        "interestIncome": "None",
        "interestExpense": "93000000",
        "nonInterestIncome": "None",
        "otherNonOperatingIncome": "35000000",
        "depreciation": "None",
        "depreciationAndAmortization": "582000000",
        "incomeBeforeTax": "2972000000",
        "incomeTaxExpense": "-160000000",
        "interestAndDebtExpense": "None",
        "netIncomeFromContinuingOperations": "6832000000",
        "comprehensiveIncomeNetOfTax": "None",
        "ebit": "3065000000",
        "ebitda": "3647000000",
        "netIncome": "3130000000"
      },
      {
        "fiscalDateEnding": "2017-09-30",
        "reportedCurrency": "USD",
        "grossProfit": "4267000000",
        "totalRevenue": "24223000000",
        "costOfRevenue": "19956000000",
        "costofGoodsAndServicesSold": "19956000000",
        "operatingIncome": "2581000000",
        "sellingGeneralAndAdministrative": "915000000",
        "researchAndDevelopment": "767000000",
        "operatingExpenses": "1686000000",
        "investmentIncomeNet": "None",
        "netInterestIncome": "None",
        "interestIncome": "None",
        "interestExpense": "87000000",
        "nonInterestIncome": "None",
        "otherNonOperatingIncome": "45000000",
        "depreciation": "None",
        "depreciationAndAmortization": "522000000",
        "incomeBeforeTax": "2647000000",
        "incomeTaxExpense": "794000000",
        "interestAndDebtExpense": "None",
        "netIncomeFromContinuingOperations": "1853000000",
        "comprehensiveIncomeNetOfTax": "None",
        "ebit": "2653000000",
        "ebitda": "3175000000",
        "netIncome": "1808000000"
      },
      {
        "fiscalDateEnding": "2017-06-30",
        "reportedCurrency": "USD",
        "grossProfit": "4349000000",
        "totalRevenue": "23051000000",
        "costOfRevenue": "18702000000",
        "costofGoodsAndServicesSold": "18702000000",
        "operatingIncome": "2493000000",
        "sellingGeneralAndAdministrative": "1040000000",
        "researchAndDevelopment": "813000000",
        "operatingExpenses": "1856000000",
        "investmentIncomeNet": "None",
        "netInterestIncome": "None",
        "interestIncome": "None",
        "interestExpense": "93000000",
        "nonInterestIncome": "None",
        "otherNonOperatingIncome": "27000000",
        "depreciation": "None",
        "depreciationAndAmortization": "494000000",
        "incomeBeforeTax": "2469000000",
        "incomeTaxExpense": "708000000",
        "interestAndDebtExpense": "None",
        "netIncomeFromContinuingOperations": "1761000000",
        "comprehensiveIncomeNetOfTax": "None",
        "ebit": "2549000000",
        "ebitda": "3043000000",
        "netIncome": "1749000000"
      },
      {
        "fiscalDateEnding": "2017-03-31",
        "reportedCurrency": "USD",
        "grossProfit": "3712000000",
        "totalRevenue": "20976000000",
        "costOfRevenue": "17264000000",
        "costofGoodsAndServicesSold": "17264000000",
        "operatingIncome": "1941000000",
        "sellingGeneralAndAdministrative": "933000000",
        "researchAndDevelopment": "838000000",
        "operatingExpenses": "1771000000",
        "investmentIncomeNet": "None",
        "netInterestIncome": "None",
        "interestIncome": "None",
        "interestExpense": "87000000",
        "nonInterestIncome": "None",
        "otherNonOperatingIncome": "22000000",
        "depreciation": "None",
        "depreciationAndAmortization": "471000000",
        "incomeBeforeTax": "1959000000",
        "incomeTaxExpense": "508000000",
        "interestAndDebtExpense": "None",
        "netIncomeFromContinuingOperations": "1451000000",
        "comprehensiveIncomeNetOfTax": "None",
        "ebit": "2046000000",
        "ebitda": "2517000000",
        "netIncome": "1449000000"
      },
      {
        "fiscalDateEnding": "2016-12-31",
        "reportedCurrency": "USD",
        "grossProfit": "3822000000",
        "totalRevenue": "23286000000",
        "costOfRevenue": "19464000000",
        "costofGoodsAndServicesSold": "19464000000",
        "operatingIncome": "2097000000",
        "sellingGeneralAndAdministrative": "999000000",
        "researchAndDevelopment": "726000000",
        "operatingExpenses": "1725000000",
        "investmentIncomeNet": "None",
        "netInterestIncome": "None",
        "interestIncome": "None",
        "interestExpense": "79000000",
        "nonInterestIncome": "None",
        "otherNonOperatingIncome": "-1000000",
        "depreciation": "None",
        "depreciationAndAmortization": "546000000",
        "incomeBeforeTax": "2103000000",
        "incomeTaxExpense": "472000000",
        "interestAndDebtExpense": "None",
        "netIncomeFromContinuingOperations": "2977000000",
        "comprehensiveIncomeNetOfTax": "None",
        "ebit": "2182000000",
        "ebitda": "2728000000",
        "netIncome": "1631000000"
      },
      {
        "fiscalDateEnding": "2016-09-30",
        "reportedCurrency": "USD",
        "grossProfit": "3994000000",
        "totalRevenue": "23898000000",
        "costOfRevenue": "19904000000",
        "costofGoodsAndServicesSold": "19904000000",
        "operatingIncome": "2214000000",
        "sellingGeneralAndAdministrative": "923000000",
        "researchAndDevelopment": "857000000",
        "operatingExpenses": "1780000000",
        "investmentIncomeNet": "None",
        "netInterestIncome": "None",
        "interestIncome": "None",
        "interestExpense": "81000000",
        "nonInterestIncome": "None",
        "otherNonOperatingIncome": "2000000",
        "depreciation": "None",
        "depreciationAndAmortization": "474000000",
        "incomeBeforeTax": "2203000000",
        "incomeTaxExpense": "-76000000",
        "interestAndDebtExpense": "None",
        "netIncomeFromContinuingOperations": "2279000000",
        "comprehensiveIncomeNetOfTax": "None",
        "ebit": "2284000000",
        "ebitda": "2758000000",
        "netIncome": "2276000000"
      },
      {
        "fiscalDateEnding": "2016-06-30",
        "reportedCurrency": "USD",
        "grossProfit": "2430000000",
        "totalRevenue": "24755000000",
        "costOfRevenue": "22325000000",
        "costofGoodsAndServicesSold": "22325000000",
        "operatingIncome": "-419000000",
        "sellingGeneralAndAdministrative": "806000000",
        "researchAndDevelopment": "2127000000",
        "operatingExpenses": "2933000000",
        "investmentIncomeNet": "None",
        "netInterestIncome": "None",
        "interestIncome": "None",
        "interestExpense": "73000000",
        "nonInterestIncome": "None",
        "otherNonOperatingIncome": "13000000",
        "depreciation": "None",
        "depreciationAndAmortization": "447000000",
        "incomeBeforeTax": "-479000000",
        "incomeTaxExpense": "-245000000",
        "interestAndDebtExpense": "None",
        "netIncomeFromContinuingOperations": "-234000000",
        "comprehensiveIncomeNetOfTax": "None",
        "ebit": "-406000000",
        "ebitda": "41000000",
        "netIncome": "-234000000"
      },
      {
        "fiscalDateEnding": "2016-03-31",
        "reportedCurrency": "USD",
        "grossProfit": "3535000000",
        "totalRevenue": "22632000000",
        "costOfRevenue": "19097000000",
        "costofGoodsAndServicesSold": "19097000000",
        "operatingIncome": "1788000000",
        "sellingGeneralAndAdministrative": "888000000",
        "researchAndDevelopment": "917000000",
        "operatingExpenses": "1805000000",
        "investmentIncomeNet": "None",
        "netInterestIncome": "None",
        "interestIncome": "None",
        "interestExpense": "73000000",
        "nonInterestIncome": "None",
        "otherNonOperatingIncome": "26000000",
        "depreciation": "None",
        "depreciationAndAmortization": "443000000",
        "incomeBeforeTax": "1741000000",
        "incomeTaxExpense": "522000000",
        "interestAndDebtExpense": "None",
        "netIncomeFromContinuingOperations": "1219000000",
        "comprehensiveIncomeNetOfTax": "None",
        "ebit": "1730000000",
        "ebitda": "2173000000",
        "netIncome": "1219000000"
      },
      {
        "fiscalDateEnding": "2015-12-31",
        "reportedCurrency": "USD",
        "grossProfit": "2931000000",
        "totalRevenue": "23573000000",
        "costOfRevenue": "20642000000",
        "costofGoodsAndServicesSold": "20642000000",
        "operatingIncome": "1161000000",
        "sellingGeneralAndAdministrative": "931000000",
        "researchAndDevelopment": "905000000",
        "operatingExpenses": "1836000000",
        "investmentIncomeNet": "None",
        "netInterestIncome": "None",
        "interestIncome": "None",
        "interestExpense": "72000000",
        "nonInterestIncome": "None",
        "otherNonOperatingIncome": "10000000",
        "depreciation": "None",
        "depreciationAndAmortization": "484000000",
        "incomeBeforeTax": "1099000000",
        "incomeTaxExpense": "73000000",
        "interestAndDebtExpense": "None",
        "netIncomeFromContinuingOperations": "1026000000",
        "comprehensiveIncomeNetOfTax": "None",
        "ebit": "1095000000",
        "ebitda": "1579000000",
        "netIncome": "1026000000"
      },
      {
        "fiscalDateEnding": "2015-09-30",
        "reportedCurrency": "USD",
        "grossProfit": "4249000000",
        "totalRevenue": "25849000000",
        "costOfRevenue": "21600000000",
        "costofGoodsAndServicesSold": "21600000000",
        "operatingIncome": "2580000000",
        "sellingGeneralAndAdministrative": "889000000",
        "researchAndDevelopment": "857000000",
        "operatingExpenses": "1746000000",
        "investmentIncomeNet": "None",
        "netInterestIncome": "None",
        "interestIncome": "None",
        "interestExpense": "67000000",
        "nonInterestIncome": "None",
        "otherNonOperatingIncome": "-26000000",
        "depreciation": "None",
        "depreciationAndAmortization": "437000000",
        "incomeBeforeTax": "2487000000",
        "incomeTaxExpense": "783000000",
        "interestAndDebtExpense": "None",
        "netIncomeFromContinuingOperations": "1704000000",
        "comprehensiveIncomeNetOfTax": "None",
        "ebit": "2503000000",
        "ebitda": "2940000000",
        "netIncome": "1704000000"
      },
      {
        "fiscalDateEnding": "2015-06-30",
        "reportedCurrency": "USD",
        "grossProfit": "3193000000",
        "totalRevenue": "24543000000",
        "costOfRevenue": "21350000000",
        "costofGoodsAndServicesSold": "21350000000",
        "operatingIncome": "1683000000",
        "sellingGeneralAndAdministrative": "760000000",
        "researchAndDevelopment": "800000000",
        "operatingExpenses": "1560000000",
        "investmentIncomeNet": "None",
        "netInterestIncome": "None",
        "interestIncome": "None",
        "interestExpense": "75000000",
        "nonInterestIncome": "None",
        "otherNonOperatingIncome": "15000000",
        "depreciation": "None",
        "depreciationAndAmortization": "453000000",
        "incomeBeforeTax": "1623000000",
        "incomeTaxExpense": "513000000",
        "interestAndDebtExpense": "None",
        "netIncomeFromContinuingOperations": "1110000000",
        "comprehensiveIncomeNetOfTax": "None",
        "ebit": "1633000000",
        "ebitda": "2086000000",
        "netIncome": "1110000000"
      },
      {
        "fiscalDateEnding": "2015-03-31",
        "reportedCurrency": "USD",
        "grossProfit": "3653000000",
        "totalRevenue": "22149000000",
        "costOfRevenue": "18496000000",
        "costofGoodsAndServicesSold": "18496000000",
        "operatingIncome": "2019000000",
        "sellingGeneralAndAdministrative": "945000000",
        "researchAndDevelopment": "769000000",
        "operatingExpenses": "1714000000",
        "investmentIncomeNet": "None",
        "netInterestIncome": "None",
        "interestIncome": "None",
        "interestExpense": "61000000",
        "nonInterestIncome": "None",
        "otherNonOperatingIncome": "-12000000",
        "depreciation": "None",
        "depreciationAndAmortization": "459000000",
        "incomeBeforeTax": "1946000000",
        "incomeTaxExpense": "610000000",
        "interestAndDebtExpense": "None",
        "netIncomeFromContinuingOperations": "1336000000",
        "comprehensiveIncomeNetOfTax": "None",
        "ebit": "1939000000",
        "ebitda": "2398000000",
        "netIncome": "1336000000"
      },
      {
        "fiscalDateEnding": "2014-12-31",
        "reportedCurrency": "USD",
        "grossProfit": "3757000000",
        "totalRevenue": "24468000000",
        "costOfRevenue": "20711000000",
        "costofGoodsAndServicesSold": "20711000000",
        "operatingIncome": "2025000000",
        "sellingGeneralAndAdministrative": "1040000000",
        "researchAndDevelopment": "755000000",
        "operatingExpenses": "1795000000",
        "investmentIncomeNet": "None",
        "netInterestIncome": "None",
        "interestIncome": "None",
        "interestExpense": "81000000",
        "nonInterestIncome": "None",
        "otherNonOperatingIncome": "-14000000",
        "depreciation": "None",
        "depreciationAndAmortization": "528000000",
        "incomeBeforeTax": "1930000000",
        "incomeTaxExpense": "464000000",
        "interestAndDebtExpense": "None",
        "netIncomeFromContinuingOperations": "1466000000",
        "comprehensiveIncomeNetOfTax": "None",
        "ebit": "1962000000",
        "ebitda": "2490000000",
        "netIncome": "1466000000"
      },
      {
        "fiscalDateEnding": "2014-09-30",
        "reportedCurrency": "USD",
        "grossProfit": "3709000000",
        "totalRevenue": "23784000000",
        "costOfRevenue": "20075000000",
        "costofGoodsAndServicesSold": "20075000000",
        "operatingIncome": "2119000000",
        "sellingGeneralAndAdministrative": "932000000",
        "researchAndDevelopment": "750000000",
        "operatingExpenses": "1682000000",
        "investmentIncomeNet": "None",
        "netInterestIncome": "None",
        "interestIncome": "None",
        "interestExpense": "79000000",
        "nonInterestIncome": "None",
        "otherNonOperatingIncome": "-9000000",
        "depreciation": "None",
        "depreciationAndAmortization": "478000000",
        "incomeBeforeTax": "2031000000",
        "incomeTaxExpense": "669000000",
        "interestAndDebtExpense": "None",
        "netIncomeFromContinuingOperations": "1362000000",
        "comprehensiveIncomeNetOfTax": "None",
        "ebit": "2027000000",
        "ebitda": "2505000000",
        "netIncome": "1362000000"
      },
      {
        "fiscalDateEnding": "2014-06-30",
        "reportedCurrency": "USD",
        "grossProfit": "3375000000",
        "totalRevenue": "22045000000",
        "costOfRevenue": "18670000000",
        "costofGoodsAndServicesSold": "18670000000",
        "operatingIncome": "1787000000",
        "sellingGeneralAndAdministrative": "918000000",
        "researchAndDevelopment": "733000000",
        "operatingExpenses": "1651000000",
        "investmentIncomeNet": "None",
        "netInterestIncome": "None",
        "interestIncome": "None",
        "interestExpense": "81000000",
        "nonInterestIncome": "None",
        "otherNonOperatingIncome": "11000000",
        "depreciation": "None",
        "depreciationAndAmortization": "452000000",
        "incomeBeforeTax": "1717000000",
        "incomeTaxExpense": "64000000",
        "interestAndDebtExpense": "None",
        "netIncomeFromContinuingOperations": "1653000000",
        "comprehensiveIncomeNetOfTax": "None",
        "ebit": "1724000000",
        "ebitda": "2176000000",
        "netIncome": "1653000000"
      },
      {
        "fiscalDateEnding": "2014-03-31",
        "reportedCurrency": "USD",
        "grossProfit": "3169000000",
        "totalRevenue": "20465000000",
        "costOfRevenue": "17296000000",
        "costofGoodsAndServicesSold": "17296000000",
        "operatingIncome": "1542000000",
        "sellingGeneralAndAdministrative": "877000000",
        "researchAndDevelopment": "809000000",
        "operatingExpenses": "1686000000",
        "investmentIncomeNet": "None",
        "netInterestIncome": "None",
        "interestIncome": "None",
        "interestExpense": "92000000",
        "nonInterestIncome": "None",
        "otherNonOperatingIncome": "9000000",
        "depreciation": "None",
        "depreciationAndAmortization": "448000000",
        "incomeBeforeTax": "1459000000",
        "incomeTaxExpense": "494000000",
        "interestAndDebtExpense": "None",
        "netIncomeFromContinuingOperations": "965000000",
        "comprehensiveIncomeNetOfTax": "None",
        "ebit": "1483000000",
        "ebitda": "1931000000",
        "netIncome": "965000000"
      },
      {
        "fiscalDateEnding": "2013-12-31",
        "reportedCurrency": "USD",
        "grossProfit": "3397000000",
        "totalRevenue": "23785000000",
        "costOfRevenue": "20388000000",
        "costofGoodsAndServicesSold": "20388000000",
        "operatingIncome": "1515000000",
        "sellingGeneralAndAdministrative": "1100000000",
        "researchAndDevelopment": "848000000",
        "operatingExpenses": "1948000000",
        "investmentIncomeNet": "None",
        "netInterestIncome": "None",
        "interestIncome": "None",
        "interestExpense": "96000000",
        "nonInterestIncome": "None",
        "otherNonOperatingIncome": "15000000",
        "depreciation": "None",
        "depreciationAndAmortization": "521000000",
        "incomeBeforeTax": "1434000000",
        "incomeTaxExpense": "201000000",
        "interestAndDebtExpense": "None",
        "netIncomeFromContinuingOperations": "1233000000",
        "comprehensiveIncomeNetOfTax": "None",
        "ebit": "1449000000",
        "ebitda": "1970000000",
        "netIncome": "1233000000"
      },
      {
        "fiscalDateEnding": "2013-09-30",
        "reportedCurrency": "USD",
        "grossProfit": "3456000000",
        "totalRevenue": "22130000000",
        "costOfRevenue": "18674000000",
        "costofGoodsAndServicesSold": "18674000000",
        "operatingIncome": "1803000000",
        "sellingGeneralAndAdministrative": "956000000",
        "researchAndDevelopment": "755000000",
        "operatingExpenses": "1711000000",
        "investmentIncomeNet": "None",
        "netInterestIncome": "None",
        "interestIncome": "None",
        "interestExpense": "95000000",
        "nonInterestIncome": "None",
        "otherNonOperatingIncome": "19000000",
        "depreciation": "None",
        "depreciationAndAmortization": "458000000",
        "incomeBeforeTax": "1727000000",
        "incomeTaxExpense": "567000000",
        "interestAndDebtExpense": "None",
        "netIncomeFromContinuingOperations": "1160000000",
        "comprehensiveIncomeNetOfTax": "None",
        "ebit": "1745000000",
        "ebitda": "2203000000",
        "netIncome": "1158000000"
      },
      {
        "fiscalDateEnding": "2013-06-30",
        "reportedCurrency": "USD",
        "grossProfit": "3365000000",
        "totalRevenue": "21815000000",
        "costOfRevenue": "18450000000",
        "costofGoodsAndServicesSold": "18450000000",
        "operatingIncome": "1716000000",
        "sellingGeneralAndAdministrative": "929000000",
        "researchAndDevelopment": "763000000",
        "operatingExpenses": "1692000000",
        "investmentIncomeNet": "None",
        "netInterestIncome": "None",
        "interestIncome": "None",
        "interestExpense": "96000000",
        "nonInterestIncome": "None",
        "otherNonOperatingIncome": "13000000",
        "depreciation": "None",
        "depreciationAndAmortization": "436000000",
        "incomeBeforeTax": "1633000000",
        "incomeTaxExpense": "546000000",
        "interestAndDebtExpense": "None",
        "netIncomeFromContinuingOperations": "1087000000",
        "comprehensiveIncomeNetOfTax": "None",
        "ebit": "1729000000",
        "ebitda": "2165000000",
        "netIncome": "1088000000"
      },
      {
        "fiscalDateEnding": "2013-03-31",
        "reportedCurrency": "USD",
        "grossProfit": "3137000000",
        "totalRevenue": "18893000000",
        "costOfRevenue": "15756000000",
        "costofGoodsAndServicesSold": "15756000000",
        "operatingIncome": "1528000000",
        "sellingGeneralAndAdministrative": "971000000",
        "researchAndDevelopment": "705000000",
        "operatingExpenses": "1676000000",
        "investmentIncomeNet": "None",
        "netInterestIncome": "None",
        "interestIncome": "None",
        "interestExpense": "99000000",
        "nonInterestIncome": "None",
        "otherNonOperatingIncome": "9000000",
        "depreciation": "None",
        "depreciationAndAmortization": "429000000",
        "incomeBeforeTax": "1438000000",
        "incomeTaxExpense": "332000000",
        "interestAndDebtExpense": "None",
        "netIncomeFromContinuingOperations": "1106000000",
        "comprehensiveIncomeNetOfTax": "None",
        "ebit": "1537000000",
        "ebitda": "1966000000",
        "netIncome": "1106000000"
      },
      {
        "fiscalDateEnding": "2012-12-31",
        "reportedCurrency": "USD",
        "grossProfit": "3261000000",
        "totalRevenue": "22302000000",
        "costOfRevenue": "19041000000",
        "costofGoodsAndServicesSold": "19041000000",
        "operatingIncome": "1629000000",
        "sellingGeneralAndAdministrative": "943000000",
        "researchAndDevelopment": "753000000",
        "operatingExpenses": "1696000000",
        "investmentIncomeNet": "None",
        "netInterestIncome": "None",
        "interestIncome": "None",
        "interestExpense": "117000000",
        "nonInterestIncome": "None",
        "otherNonOperatingIncome": "23000000",
        "depreciation": "None",
        "depreciationAndAmortization": "498000000",
        "incomeBeforeTax": "1535000000",
        "incomeTaxExpense": "557000000",
        "interestAndDebtExpense": "None",
        "netIncomeFromContinuingOperations": "978000000",
        "comprehensiveIncomeNetOfTax": "None",
        "ebit": "1652000000",
        "ebitda": "2150000000",
        "netIncome": "978000000"
      },
      {
        "fiscalDateEnding": "2012-09-30",
        "reportedCurrency": "USD",
        "grossProfit": "3214000000",
        "totalRevenue": "20008000000",
        "costOfRevenue": "16794000000",
        "costofGoodsAndServicesSold": "16794000000",
        "operatingIncome": "1564000000",
        "sellingGeneralAndAdministrative": "916000000",
        "researchAndDevelopment": "853000000",
        "operatingExpenses": "1649000000",
        "investmentIncomeNet": "None",
        "netInterestIncome": "None",
        "interestIncome": "None",
        "interestExpense": "115000000",
        "nonInterestIncome": "None",
        "otherNonOperatingIncome": "17000000",
        "depreciation": "None",
        "depreciationAndAmortization": "465000000",
        "incomeBeforeTax": "1466000000",
        "incomeTaxExpense": "432000000",
        "interestAndDebtExpense": "None",
        "netIncomeFromContinuingOperations": "1034000000",
        "comprehensiveIncomeNetOfTax": "None",
        "ebit": "1576000000",
        "ebitda": "2041000000",
        "netIncome": "1032000000"
      },
      {
        "fiscalDateEnding": "2012-06-30",
        "reportedCurrency": "USD",
        "grossProfit": "3265000000",
        "totalRevenue": "20005000000",
        "costOfRevenue": "16740000000",
        "costofGoodsAndServicesSold": "16740000000",
        "operatingIncome": "1548000000",
        "sellingGeneralAndAdministrative": "903000000",
        "researchAndDevelopment": "857000000",
        "operatingExpenses": "1715000000",
        "investmentIncomeNet": "None",
        "netInterestIncome": "None",
        "interestIncome": "None",
        "interestExpense": "112000000",
        "nonInterestIncome": "None",
        "otherNonOperatingIncome": "10000000",
        "depreciation": "None",
        "depreciationAndAmortization": "422000000",
        "incomeBeforeTax": "1446000000",
        "incomeTaxExpense": "479000000",
        "interestAndDebtExpense": "None",
        "netIncomeFromContinuingOperations": "967000000",
        "comprehensiveIncomeNetOfTax": "None",
        "ebit": "1552000000",
        "ebitda": "1974000000",
        "netIncome": "967000000"
      },
      {
        "fiscalDateEnding": "2012-03-31",
        "reportedCurrency": "USD",
        "grossProfit": "3314000000",
        "totalRevenue": "19383000000",
        "costOfRevenue": "16069000000",
        "costofGoodsAndServicesSold": "16069000000",
        "operatingIncome": "1570000000",
        "sellingGeneralAndAdministrative": "955000000",
        "researchAndDevelopment": "835000000",
        "operatingExpenses": "1744000000",
        "investmentIncomeNet": "None",
        "netInterestIncome": "None",
        "interestIncome": "None",
        "interestExpense": "119000000",
        "nonInterestIncome": "None",
        "otherNonOperatingIncome": "12000000",
        "depreciation": "None",
        "depreciationAndAmortization": "426000000",
        "incomeBeforeTax": "1463000000",
        "incomeTaxExpense": "539000000",
        "interestAndDebtExpense": "None",
        "netIncomeFromContinuingOperations": "924000000",
        "comprehensiveIncomeNetOfTax": "None",
        "ebit": "1577000000",
        "ebitda": "2003000000",
        "netIncome": "923000000"
      },
      {
        "fiscalDateEnding": "2011-12-31",
        "reportedCurrency": "USD",
        "grossProfit": "3294000000",
        "totalRevenue": "19555000000",
        "costOfRevenue": "16261000000",
        "costofGoodsAndServicesSold": "16261000000",
        "operatingIncome": "1597000000",
        "sellingGeneralAndAdministrative": "864000000",
        "researchAndDevelopment": "913000000",
        "operatingExpenses": "1701000000",
        "investmentIncomeNet": "None",
        "netInterestIncome": "None",
        "interestIncome": "None",
        "interestExpense": "124000000",
        "nonInterestIncome": "None",
        "otherNonOperatingIncome": "-29000000",
        "depreciation": "None",
        "depreciationAndAmortization": "434000000",
        "incomeBeforeTax": "1444000000",
        "incomeTaxExpense": "57000000",
        "interestAndDebtExpense": "None",
        "netIncomeFromContinuingOperations": "1387000000",
        "comprehensiveIncomeNetOfTax": "None",
        "ebit": "1568000000",
        "ebitda": "2002000000",
        "netIncome": "1393000000"
      },
      {
        "fiscalDateEnding": "2011-09-30",
        "reportedCurrency": "USD",
        "grossProfit": "3370000000",
        "totalRevenue": "17727000000",
        "costOfRevenue": "14357000000",
        "costofGoodsAndServicesSold": "14357000000",
        "operatingIncome": "1714000000",
        "sellingGeneralAndAdministrative": "807000000",
        "researchAndDevelopment": "901000000",
        "operatingExpenses": "1656000000",
        "investmentIncomeNet": "None",
        "netInterestIncome": "None",
        "interestIncome": "None",
        "interestExpense": "121000000",
        "nonInterestIncome": "None",
        "otherNonOperatingIncome": "49000000",
        "depreciation": "None",
        "depreciationAndAmortization": "417000000",
        "incomeBeforeTax": "1642000000",
        "incomeTaxExpense": "548000000",
        "interestAndDebtExpense": "None",
        "netIncomeFromContinuingOperations": "1094000000",
        "comprehensiveIncomeNetOfTax": "None",
        "ebit": "1767000000",
        "ebitda": "2184000000",
        "netIncome": "1098000000"
      },
      {
        "fiscalDateEnding": "2011-06-30",
        "reportedCurrency": "USD",
        "grossProfit": "3343000000",
        "totalRevenue": "16543000000",
        "costOfRevenue": "13200000000",
        "costofGoodsAndServicesSold": "13200000000",
        "operatingIncome": "1534000000",
        "sellingGeneralAndAdministrative": "870000000",
        "researchAndDevelopment": "1047000000",
        "operatingExpenses": "1829000000",
        "investmentIncomeNet": "None",
        "netInterestIncome": "None",
        "interestIncome": "None",
        "interestExpense": "123000000",
        "nonInterestIncome": "None",
        "otherNonOperatingIncome": "14000000",
        "depreciation": "None",
        "depreciationAndAmortization": "429000000",
        "incomeBeforeTax": "1425000000",
        "incomeTaxExpense": "483000000",
        "interestAndDebtExpense": "None",
        "netIncomeFromContinuingOperations": "942000000",
        "comprehensiveIncomeNetOfTax": "None",
        "ebit": "1551000000",
        "ebitda": "1980000000",
        "netIncome": "941000000"
      },
      {
        "fiscalDateEnding": "2011-03-31",
        "reportedCurrency": "USD",
        "grossProfit": "2861000000",
        "totalRevenue": "14910000000",
        "costOfRevenue": "12049000000",
        "costofGoodsAndServicesSold": "12049000000",
        "operatingIncome": "1000000000",
        "sellingGeneralAndAdministrative": "866000000",
        "researchAndDevelopment": "1057000000",
        "operatingExpenses": "1861000000",
        "investmentIncomeNet": "None",
        "netInterestIncome": "None",
        "interestIncome": "None",
        "interestExpense": "130000000",
        "nonInterestIncome": "None",
        "otherNonOperatingIncome": "13000000",
        "depreciation": "None",
        "depreciationAndAmortization": "380000000",
        "incomeBeforeTax": "883000000",
        "incomeTaxExpense": "295000000",
        "interestAndDebtExpense": "None",
        "netIncomeFromContinuingOperations": "588000000",
        "comprehensiveIncomeNetOfTax": "None",
        "ebit": "1017000000",
        "ebitda": "1397000000",
        "netIncome": "586000000"
      },
      {
        "fiscalDateEnding": "2010-12-31",
        "reportedCurrency": "USD",
        "grossProfit": "3137000000",
        "totalRevenue": "16550000000",
        "costOfRevenue": "13413000000",
        "costofGoodsAndServicesSold": "13413000000",
        "operatingIncome": "1103000000",
        "sellingGeneralAndAdministrative": "977000000",
        "researchAndDevelopment": "1134000000",
        "operatingExpenses": "2040000000",
        "investmentIncomeNet": "None",
        "netInterestIncome": "None",
        "interestIncome": "None",
        "interestExpense": "132000000",
        "nonInterestIncome": "None",
        "otherNonOperatingIncome": "32000000",
        "depreciation": "None",
        "depreciationAndAmortization": "457000000",
        "incomeBeforeTax": "1003000000",
        "incomeTaxExpense": "-163000000",
        "interestAndDebtExpense": "None",
        "netIncomeFromContinuingOperations": "1166000000",
        "comprehensiveIncomeNetOfTax": "None",
        "ebit": "1097000000",
        "ebitda": "1554000000",
        "netIncome": "1164000000"
      },
      {
        "fiscalDateEnding": "2010-09-30",
        "reportedCurrency": "USD",
        "grossProfit": "3221000000",
        "totalRevenue": "16967000000",
        "costOfRevenue": "13746000000",
        "costofGoodsAndServicesSold": "13746000000",
        "operatingIncome": "1387000000",
        "sellingGeneralAndAdministrative": "936000000",
        "researchAndDevelopment": "986000000",
        "operatingExpenses": "1834000000",
        "investmentIncomeNet": "None",
        "netInterestIncome": "None",
        "interestIncome": "None",
        "interestExpense": "130000000",
        "nonInterestIncome": "None",
        "otherNonOperatingIncome": "-13000000",
        "depreciation": "None",
        "depreciationAndAmortization": "416000000",
        "incomeBeforeTax": "1244000000",
        "incomeTaxExpense": "407000000",
        "interestAndDebtExpense": "None",
        "netIncomeFromContinuingOperations": "837000000",
        "comprehensiveIncomeNetOfTax": "None",
        "ebit": "1374000000",
        "ebitda": "1790000000",
        "netIncome": "837000000"
      },
      {
        "fiscalDateEnding": "2010-06-30",
        "reportedCurrency": "USD",
        "grossProfit": "3033000000",
        "totalRevenue": "15573000000",
        "costOfRevenue": "12540000000",
        "costofGoodsAndServicesSold": "12540000000",
        "operatingIncome": "1307000000",
        "sellingGeneralAndAdministrative": "778000000",
        "researchAndDevelopment": "1001000000",
        "operatingExpenses": "1726000000",
        "investmentIncomeNet": "None",
        "netInterestIncome": "None",
        "interestIncome": "None",
        "interestExpense": "132000000",
        "nonInterestIncome": "None",
        "otherNonOperatingIncome": "35000000",
        "depreciation": "None",
        "depreciationAndAmortization": "449000000",
        "incomeBeforeTax": "1210000000",
        "incomeTaxExpense": "421000000",
        "interestAndDebtExpense": "None",
        "netIncomeFromContinuingOperations": "789000000",
        "comprehensiveIncomeNetOfTax": "None",
        "ebit": "1342000000",
        "ebitda": "1791000000",
        "netIncome": "787000000"
      },
      {
        "fiscalDateEnding": "2010-03-31",
        "reportedCurrency": "USD",
        "grossProfit": "3072000000",
        "totalRevenue": "15216000000",
        "costOfRevenue": "12144000000",
        "costofGoodsAndServicesSold": "12144000000",
        "operatingIncome": "1174000000",
        "sellingGeneralAndAdministrative": "953000000",
        "researchAndDevelopment": "1000000000",
        "operatingExpenses": "1898000000",
        "investmentIncomeNet": "None",
        "netInterestIncome": "None",
        "interestIncome": "None",
        "interestExpense": "122000000",
        "nonInterestIncome": "None",
        "otherNonOperatingIncome": "-2000000",
        "depreciation": "None",
        "depreciationAndAmortization": "405000000",
        "incomeBeforeTax": "1050000000",
        "incomeTaxExpense": "531000000",
        "interestAndDebtExpense": "None",
        "netIncomeFromContinuingOperations": "519000000",
        "comprehensiveIncomeNetOfTax": "None",
        "ebit": "1172000000",
        "ebitda": "1577000000",
        "netIncome": "519000000"
      },
      {
        "fiscalDateEnding": "2009-12-31",
        "reportedCurrency": "USD",
        "grossProfit": "3429000000",
        "totalRevenue": "17937000000",
        "costOfRevenue": "14508000000",
        "costofGoodsAndServicesSold": "14508000000",
        "operatingIncome": "1693000000",
        "sellingGeneralAndAdministrative": "780000000",
        "researchAndDevelopment": "1002000000",
        "operatingExpenses": "1526000000",
        "investmentIncomeNet": "None",
        "netInterestIncome": "None",
        "interestIncome": "None",
        "interestExpense": "110000000",
        "nonInterestIncome": "None",
        "otherNonOperatingIncome": "None",
        "depreciation": "None",
        "depreciationAndAmortization": "467000000",
        "incomeBeforeTax": "1550000000",
        "incomeTaxExpense": "267000000",
        "interestAndDebtExpense": "None",
        "netIncomeFromContinuingOperations": "0",
        "comprehensiveIncomeNetOfTax": "None",
        "ebit": "1717000000",
        "ebitda": "2184000000",
        "netIncome": "1268000000"
      },
      {
        "fiscalDateEnding": "2009-09-30",
        "reportedCurrency": "USD",
        "grossProfit": "2208000000",
        "totalRevenue": "16688000000",
        "costOfRevenue": "14480000000",
        "costofGoodsAndServicesSold": "14480000000",
        "operatingIncome": "-2151000000",
        "sellingGeneralAndAdministrative": "868000000",
        "researchAndDevelopment": "3574000000",
        "operatingExpenses": "4443000000",
        "investmentIncomeNet": "None",
        "netInterestIncome": "None",
        "interestIncome": "None",
        "interestExpense": "92000000",
        "nonInterestIncome": "None",
        "otherNonOperatingIncome": "-4000000",
        "depreciation": "None",
        "depreciationAndAmortization": "434000000",
        "incomeBeforeTax": "-2247000000",
        "incomeTaxExpense": "-687000000",
        "interestAndDebtExpense": "None",
        "netIncomeFromContinuingOperations": "-1560000000",
        "comprehensiveIncomeNetOfTax": "None",
        "ebit": "-2155000000",
        "ebitda": "-1721000000",
        "netIncome": "-1564000000"
      },
      {
        "fiscalDateEnding": "2009-06-30",
        "reportedCurrency": "USD",
        "grossProfit": "3347000000",
        "totalRevenue": "17154000000",
        "costOfRevenue": "13807000000",
        "costofGoodsAndServicesSold": "13807000000",
        "operatingIncome": "1529000000",
        "sellingGeneralAndAdministrative": "925000000",
        "researchAndDevelopment": "960000000",
        "operatingExpenses": "1888000000",
        "investmentIncomeNet": "None",
        "netInterestIncome": "None",
        "interestIncome": "None",
        "interestExpense": "80000000",
        "nonInterestIncome": "None",
        "otherNonOperatingIncome": "47000000",
        "depreciation": "None",
        "depreciationAndAmortization": "381000000",
        "incomeBeforeTax": "1496000000",
        "incomeTaxExpense": "499000000",
        "interestAndDebtExpense": "None",
        "netIncomeFromContinuingOperations": "997000000",
        "comprehensiveIncomeNetOfTax": "None",
        "ebit": "1576000000",
        "ebitda": "1957000000",
        "netIncome": "998000000"
      },
      {
        "fiscalDateEnding": "2009-03-31",
        "reportedCurrency": "USD",
        "grossProfit": "2757000000",
        "totalRevenue": "16502000000",
        "costOfRevenue": "13745000000",
        "costofGoodsAndServicesSold": "13745000000",
        "operatingIncome": "1025000000",
        "sellingGeneralAndAdministrative": "791000000",
        "researchAndDevelopment": "970000000",
        "operatingExpenses": "1732000000",
        "investmentIncomeNet": "None",
        "netInterestIncome": "None",
        "interestIncome": "None",
        "interestExpense": "57000000",
        "nonInterestIncome": "None",
        "otherNonOperatingIncome": "None",
        "depreciation": "None",
        "depreciationAndAmortization": "384000000",
        "incomeBeforeTax": "932000000",
        "incomeTaxExpense": "317000000",
        "interestAndDebtExpense": "None",
        "netIncomeFromContinuingOperations": "0",
        "comprehensiveIncomeNetOfTax": "None",
        "ebit": "989000000",
        "ebitda": "1373000000",
        "netIncome": "610000000"
      },
      {
        "fiscalDateEnding": "2008-12-31",
        "reportedCurrency": "USD",
        "grossProfit": "1227000000",
        "totalRevenue": "12664000000",
        "costOfRevenue": "11437000000",
        "costofGoodsAndServicesSold": "11437000000",
        "operatingIncome": "-243000000",
        "sellingGeneralAndAdministrative": "734000000",
        "researchAndDevelopment": "957000000",
        "operatingExpenses": "1645000000",
        "investmentIncomeNet": "None",
        "netInterestIncome": "None",
        "interestIncome": "None",
        "interestExpense": "116000000",
        "nonInterestIncome": "None",
        "otherNonOperatingIncome": "None",
        "depreciation": "None",
        "depreciationAndAmortization": "417000000",
        "incomeBeforeTax": "-310000000",
        "incomeTaxExpense": "-224000000",
        "interestAndDebtExpense": "None",
        "netIncomeFromContinuingOperations": "0",
        "comprehensiveIncomeNetOfTax": "None",
        "ebit": "-426000000",
        "ebitda": "-9000000",
        "netIncome": "-86000000"
      },
      {
        "fiscalDateEnding": "2008-09-30",
        "reportedCurrency": "USD",
        "grossProfit": "2806000000",
        "totalRevenue": "15293000000",
        "costOfRevenue": "12487000000",
        "costofGoodsAndServicesSold": "12487000000",
        "operatingIncome": "1147000000",
        "sellingGeneralAndAdministrative": "740000000",
        "researchAndDevelopment": "937000000",
        "operatingExpenses": "1605000000",
        "investmentIncomeNet": "None",
        "netInterestIncome": "None",
        "interestIncome": "None",
        "interestExpense": "103000000",
        "nonInterestIncome": "None",
        "otherNonOperatingIncome": "None",
        "depreciation": "None",
        "depreciationAndAmortization": "346000000",
        "incomeBeforeTax": "1153000000",
        "incomeTaxExpense": "470000000",
        "interestAndDebtExpense": "None",
        "netIncomeFromContinuingOperations": "0",
        "comprehensiveIncomeNetOfTax": "None",
        "ebit": "1206000000",
        "ebitda": "1552000000",
        "netIncome": "695000000"
      },
      {
        "fiscalDateEnding": "2008-06-30",
        "reportedCurrency": "USD",
        "grossProfit": "3077000000",
        "totalRevenue": "16962000000",
        "costOfRevenue": "13885000000",
        "costofGoodsAndServicesSold": "13885000000",
        "operatingIncome": "1247000000",
        "sellingGeneralAndAdministrative": "835000000",
        "researchAndDevelopment": "1005000000",
        "operatingExpenses": "1832000000",
        "investmentIncomeNet": "None",
        "netInterestIncome": "None",
        "interestIncome": "None",
        "interestExpense": "50000000",
        "nonInterestIncome": "None",
        "otherNonOperatingIncome": "None",
        "depreciation": "None",
        "depreciationAndAmortization": "364000000",
        "incomeBeforeTax": "1299000000",
        "incomeTaxExpense": "448000000",
        "interestAndDebtExpense": "None",
        "netIncomeFromContinuingOperations": "0",
        "comprehensiveIncomeNetOfTax": "None",
        "ebit": "1076000000",
        "ebitda": "1440000000",
        "netIncome": "852000000"
      },
      {
        "fiscalDateEnding": "2008-03-31",
        "reportedCurrency": "USD",
        "grossProfit": "3447000000",
        "totalRevenue": "15990000000",
        "costOfRevenue": "12543000000",
        "costofGoodsAndServicesSold": "12543000000",
        "operatingIncome": "1799000000",
        "sellingGeneralAndAdministrative": "775000000",
        "researchAndDevelopment": "869000000",
        "operatingExpenses": "1648000000",
        "investmentIncomeNet": "None",
        "netInterestIncome": "None",
        "interestIncome": "None",
        "interestExpense": "46000000",
        "nonInterestIncome": "None",
        "otherNonOperatingIncome": "None",
        "depreciation": "None",
        "depreciationAndAmortization": "364000000",
        "incomeBeforeTax": "1853000000",
        "incomeTaxExpense": "647000000",
        "interestAndDebtExpense": "None",
        "netIncomeFromContinuingOperations": "0",
        "comprehensiveIncomeNetOfTax": "None",
        "ebit": "1641000000",
        "ebitda": "2005000000",
        "netIncome": "1211000000"
      },
      {
        "fiscalDateEnding": "2007-12-31",
        "reportedCurrency": "USD",
        "grossProfit": "2932000000",
        "totalRevenue": "17477000000",
        "costOfRevenue": "14545000000",
        "costofGoodsAndServicesSold": "14545000000",
        "operatingIncome": "1516000000",
        "sellingGeneralAndAdministrative": "796000000",
        "researchAndDevelopment": "993000000",
        "operatingExpenses": "1476000000",
        "investmentIncomeNet": "None",
        "netInterestIncome": "None",
        "interestIncome": "None",
        "interestExpense": "127000000",
        "nonInterestIncome": "None",
        "otherNonOperatingIncome": "None",
        "depreciation": "None",
        "depreciationAndAmortization": "388000000",
        "incomeBeforeTax": "1588000000",
        "incomeTaxExpense": "561000000",
        "interestAndDebtExpense": "None",
        "netIncomeFromContinuingOperations": "0",
        "comprehensiveIncomeNetOfTax": "None",
        "ebit": "1978000000",
        "ebitda": "2366000000",
        "netIncome": "1033000000"
      },
      {
        "fiscalDateEnding": "2007-09-30",
        "reportedCurrency": "USD",
        "grossProfit": "3383000000",
        "totalRevenue": "16517000000",
        "costOfRevenue": "13134000000",
        "costofGoodsAndServicesSold": "13134000000",
        "operatingIncome": "1499000000",
        "sellingGeneralAndAdministrative": "931000000",
        "researchAndDevelopment": "869000000",
        "operatingExpenses": "1862000000",
        "investmentIncomeNet": "None",
        "netInterestIncome": "None",
        "interestIncome": "None",
        "interestExpense": "120000000",
        "nonInterestIncome": "None",
        "otherNonOperatingIncome": "None",
        "depreciation": "None",
        "depreciationAndAmortization": "339000000",
        "incomeBeforeTax": "1591000000",
        "incomeTaxExpense": "482000000",
        "interestAndDebtExpense": "None",
        "netIncomeFromContinuingOperations": "0",
        "comprehensiveIncomeNetOfTax": "None",
        "ebit": "1393000000",
        "ebitda": "1732000000",
        "netIncome": "1114000000"
      },
      {
        "fiscalDateEnding": "2007-06-30",
        "reportedCurrency": "USD",
        "grossProfit": "3492000000",
        "totalRevenue": "17028000000",
        "costOfRevenue": "13536000000",
        "costofGoodsAndServicesSold": "13536000000",
        "operatingIncome": "1506000000",
        "sellingGeneralAndAdministrative": "976000000",
        "researchAndDevelopment": "989000000",
        "operatingExpenses": "1988000000",
        "investmentIncomeNet": "None",
        "netInterestIncome": "None",
        "interestIncome": "None",
        "interestExpense": "73000000",
        "nonInterestIncome": "None",
        "otherNonOperatingIncome": "None",
        "depreciation": "None",
        "depreciationAndAmortization": "400000000",
        "incomeBeforeTax": "1585000000",
        "incomeTaxExpense": "536000000",
        "interestAndDebtExpense": "None",
        "netIncomeFromContinuingOperations": "0",
        "comprehensiveIncomeNetOfTax": "None",
        "ebit": "1504000000",
        "ebitda": "1904000000",
        "netIncome": "1050000000"
      },
      {
        "fiscalDateEnding": "2007-03-31",
        "reportedCurrency": "USD",
        "grossProfit": "3178000000",
        "totalRevenue": "15365000000",
        "costOfRevenue": "12187000000",
        "costofGoodsAndServicesSold": "12187000000",
        "operatingIncome": "1309000000",
        "sellingGeneralAndAdministrative": "828000000",
        "researchAndDevelopment": "999000000",
        "operatingExpenses": "1867000000",
        "investmentIncomeNet": "None",
        "netInterestIncome": "None",
        "interestIncome": "None",
        "interestExpense": "79000000",
        "nonInterestIncome": "None",
        "otherNonOperatingIncome": "None",
        "depreciation": "None",
        "depreciationAndAmortization": "359000000",
        "incomeBeforeTax": "1354000000",
        "incomeTaxExpense": "481000000",
        "interestAndDebtExpense": "None",
        "netIncomeFromContinuingOperations": "0",
        "comprehensiveIncomeNetOfTax": "None",
        "ebit": "1311000000",
        "ebitda": "1670000000",
        "netIncome": "877000000"
      },
      {
        "fiscalDateEnding": "2006-12-31",
        "reportedCurrency": "USD",
        "grossProfit": "2823000000",
        "totalRevenue": "17541000000",
        "costOfRevenue": "14718000000",
        "costofGoodsAndServicesSold": "14718000000",
        "operatingIncome": "1152000000",
        "sellingGeneralAndAdministrative": "1094000000",
        "researchAndDevelopment": "937000000",
        "operatingExpenses": "1859000000",
        "investmentIncomeNet": "None",
        "netInterestIncome": "None",
        "interestIncome": "None",
        "interestExpense": "123000000",
        "nonInterestIncome": "None",
        "otherNonOperatingIncome": "None",
        "depreciation": "None",
        "depreciationAndAmortization": "410000000",
        "incomeBeforeTax": "1239000000",
        "incomeTaxExpense": "259000000",
        "interestAndDebtExpense": "None",
        "netIncomeFromContinuingOperations": "0",
        "comprehensiveIncomeNetOfTax": "None",
        "ebit": "1304000000",
        "ebitda": "1714000000",
        "netIncome": "989000000"
      },
      {
        "fiscalDateEnding": "2006-09-30",
        "reportedCurrency": "USD",
        "grossProfit": "2936000000",
        "totalRevenue": "14739000000",
        "costOfRevenue": "11803000000",
        "costofGoodsAndServicesSold": "11803000000",
        "operatingIncome": "951000000",
        "sellingGeneralAndAdministrative": "834000000",
        "researchAndDevelopment": "833000000",
        "operatingExpenses": "1713000000",
        "investmentIncomeNet": "None",
        "netInterestIncome": "None",
        "interestIncome": "None",
        "interestExpense": "88000000",
        "nonInterestIncome": "None",
        "otherNonOperatingIncome": "None",
        "depreciation": "None",
        "depreciationAndAmortization": "371000000",
        "incomeBeforeTax": "988000000",
        "incomeTaxExpense": "294000000",
        "interestAndDebtExpense": "None",
        "netIncomeFromContinuingOperations": "0",
        "comprehensiveIncomeNetOfTax": "None",
        "ebit": "1223000000",
        "ebitda": "1594000000",
        "netIncome": "694000000"
      },
      {
        "fiscalDateEnding": "2006-06-30",
        "reportedCurrency": "USD",
        "grossProfit": "2474000000",
        "totalRevenue": "14986000000",
        "costOfRevenue": "12512000000",
        "costofGoodsAndServicesSold": "12512000000",
        "operatingIncome": "-48000000",
        "sellingGeneralAndAdministrative": "1162000000",
        "researchAndDevelopment": "739000000",
        "operatingExpenses": "2528000000",
        "investmentIncomeNet": "None",
        "netInterestIncome": "None",
        "interestIncome": "None",
        "interestExpense": "89000000",
        "nonInterestIncome": "None",
        "otherNonOperatingIncome": "None",
        "depreciation": "None",
        "depreciationAndAmortization": "392000000",
        "incomeBeforeTax": "-9000000",
        "incomeTaxExpense": "151000000",
        "interestAndDebtExpense": "None",
        "netIncomeFromContinuingOperations": "0",
        "comprehensiveIncomeNetOfTax": "None",
        "ebit": "-54000000",
        "ebitda": "338000000",
        "netIncome": "-160000000"
      },
      {
        "fiscalDateEnding": "2006-03-31",
        "reportedCurrency": "USD",
        "grossProfit": "2860000000",
        "totalRevenue": "14264000000",
        "costOfRevenue": "11404000000",
        "costofGoodsAndServicesSold": "11404000000",
        "operatingIncome": "959000000",
        "sellingGeneralAndAdministrative": "1081000000",
        "researchAndDevelopment": "748000000",
        "operatingExpenses": "1899000000",
        "investmentIncomeNet": "None",
        "netInterestIncome": "None",
        "interestIncome": "None",
        "interestExpense": "90000000",
        "nonInterestIncome": "None",
        "otherNonOperatingIncome": "None",
        "depreciation": "None",
        "depreciationAndAmortization": "372000000",
        "incomeBeforeTax": "976000000",
        "incomeTaxExpense": "284000000",
        "interestAndDebtExpense": "None",
        "netIncomeFromContinuingOperations": "0",
        "comprehensiveIncomeNetOfTax": "None",
        "ebit": "961000000",
        "ebitda": "1333000000",
        "netIncome": "692000000"
      },
      {
        "fiscalDateEnding": "2005-12-31",
        "reportedCurrency": "USD",
        "grossProfit": "1769000000",
        "totalRevenue": "14204000000",
        "costOfRevenue": "12435000000",
        "costofGoodsAndServicesSold": "12435000000",
        "operatingIncome": "544000000",
        "sellingGeneralAndAdministrative": "939000000",
        "researchAndDevelopment": "601000000",
        "operatingExpenses": "1745000000",
        "investmentIncomeNet": "None",
        "netInterestIncome": "None",
        "interestIncome": "None",
        "interestExpense": "146000000",
        "nonInterestIncome": "None",
        "otherNonOperatingIncome": "None",
        "depreciation": "None",
        "depreciationAndAmortization": "354000000",
        "incomeBeforeTax": "608000000",
        "incomeTaxExpense": "144000000",
        "interestAndDebtExpense": "None",
        "netIncomeFromContinuingOperations": "0",
        "comprehensiveIncomeNetOfTax": "None",
        "ebit": "845000000",
        "ebitda": "1199000000",
        "netIncome": "460000000"
      },
      {
        "fiscalDateEnding": "2005-09-30",
        "reportedCurrency": "USD",
        "grossProfit": "1936000000",
        "totalRevenue": "12629000000",
        "costOfRevenue": "10693000000",
        "costofGoodsAndServicesSold": "10693000000",
        "operatingIncome": "763000000",
        "sellingGeneralAndAdministrative": "1172000000",
        "researchAndDevelopment": "521000000",
        "operatingExpenses": "1173000000",
        "investmentIncomeNet": "None",
        "netInterestIncome": "None",
        "interestIncome": "None",
        "interestExpense": "87000000",
        "nonInterestIncome": "None",
        "otherNonOperatingIncome": "None",
        "depreciation": "None",
        "depreciationAndAmortization": "378000000",
        "incomeBeforeTax": "812000000",
        "incomeTaxExpense": "-201000000",
        "interestAndDebtExpense": "None",
        "netIncomeFromContinuingOperations": "0",
        "comprehensiveIncomeNetOfTax": "None",
        "ebit": "385000000",
        "ebitda": "763000000",
        "netIncome": "1011000000"
      }
    ]
  },
  "BALANCE_SHEET": {
    "symbol": "BA",
    "annualReports": [
      {
        "fiscalDateEnding": "2024-12-31",
        "reportedCurrency": "USD",
        "totalAssets": "156363000000",
        "totalCurrentAssets": "127998000000",
        "cashAndCashEquivalentsAtCarryingValue": "13801000000",
        "cashAndShortTermInvestments": "13801000000",
        "inventory": "87550000000",
        "currentNetReceivables": "11201000000",
        "totalNonCurrentAssets": "28365000000",
        "propertyPlantEquipment": "13636000000",
        "accumulatedDepreciationAmortizationPPE": "None",
        "intangibleAssets": "1957000000",
        "intangibleAssetsExcludingGoodwill": "1957000000",
        "goodwill": "8084000000",
        "investments": "None",
        "longTermInvestments": "999000000",
        "shortTermInvestments": "12481000000",
        "otherCurrentAssets": "2965000000",
        "otherNonCurrentAssets": "None",
        "totalLiabilities": "160277000000",
        "totalCurrentLiabilities": "97078000000",
        "currentAccountsPayable": "11364000000",
        "deferredRevenue": "None",
        "currentDebt": "None",
        "shortTermDebt": "1602000000",
        "totalNonCurrentLiabilities": "63199000000",
        "capitalLeaseObligations": "563000000",
        "longTermDebt": "52433000000",
        "currentLongTermDebt": "1192000000",
        "longTermDebtNoncurrent": "None",
        "shortLongTermDebtTotal": "54188000000",
        "otherCurrentLiabilities": "23779000000",
        "otherNonCurrentLiabilities": "2318000000",
        "totalShareholderEquity": "-3908000000",
        "treasuryStock": "None",
        "retainedEarnings": "15362000000",
        "commonStock": "5061000000",
        "commonStockSharesOutstanding": "646900000"
      },
      {
        "fiscalDateEnding": "2023-12-31",
        "reportedCurrency": "USD",
        "totalAssets": "137012000000",
        "totalCurrentAssets": "109275000000",
        "cashAndCashEquivalentsAtCarryingValue": "12691000000",
        "cashAndShortTermInvestments": "12691000000",
        "inventory": "79741000000",
        "currentNetReceivables": "11065000000",
        "totalNonCurrentAssets": "27737000000",
        "propertyPlantEquipment": "12351000000",
        "accumulatedDepreciationAmortizationPPE": "None",
        "intangibleAssets": "2094000000",
        "intangibleAssetsExcludingGoodwill": "2094000000",
        "goodwill": "8093000000",
        "investments": "None",
        "longTermInvestments": "1035000000",
        "shortTermInvestments": "3274000000",
        "otherCurrentAssets": "2504000000",
        "otherNonCurrentAssets": "None",
        "totalLiabilities": "154240000000",
        "totalCurrentLiabilities": "95827000000",
        "currentAccountsPayable": "11964000000",
        "deferredRevenue": "None",
        "currentDebt": "None",
        "shortTermDebt": "5500000000",
        "totalNonCurrentLiabilities": "58413000000",
        "capitalLeaseObligations": "549000000",
        "longTermDebt": "46927000000",
        "currentLongTermDebt": "5127000000",
        "longTermDebtNoncurrent": "None",
        "shortLongTermDebtTotal": "52603000000",
        "otherCurrentLiabilities": "22035000000",
        "otherNonCurrentLiabilities": "2332000000",
        "totalShareholderEquity": "-17233000000",
        "treasuryStock": "None",
        "retainedEarnings": "27251000000",
        "commonStock": "5061000000",
        "commonStockSharesOutstanding": "606100000"
      },
      {
        "fiscalDateEnding": "2022-12-31",
        "reportedCurrency": "USD",
        "totalAssets": "137100000000",
        "totalCurrentAssets": "109523000000",
        "cashAndCashEquivalentsAtCarryingValue": "14614000000",
        "cashAndShortTermInvestments": "14614000000",
        "inventory": "78151000000",
        "currentNetReceivables": "11305000000",
        "totalNonCurrentAssets": "27577000000",
        "propertyPlantEquipment": "10550000000",
        "accumulatedDepreciationAmortizationPPE": "None",
        "intangibleAssets": "2311000000",
        "intangibleAssetsExcludingGoodwill": "2311000000",
        "goodwill": "8057000000",
        "investments": "None",
        "longTermInvestments": "2433000000",
        "shortTermInvestments": "2606000000",
        "otherCurrentAssets": "2847000000",
        "otherNonCurrentAssets": "None",
        "totalLiabilities": "152948000000",
        "totalCurrentLiabilities": "90052000000",
        "currentAccountsPayable": "10200000000",
        "deferredRevenue": "None",
        "currentDebt": "None",
        "shortTermDebt": "5466000000",
        "totalNonCurrentLiabilities": "62896000000",
        "capitalLeaseObligations": "482000000",
        "longTermDebt": "51811000000",
        "currentLongTermDebt": "5190000000",
        "longTermDebtNoncurrent": "None",
        "shortLongTermDebtTotal": "57277000000",
        "otherCurrentLiabilities": "21305000000",
        "otherNonCurrentLiabilities": "10855000000",
        "totalShareholderEquity": "-15883000000",
        "treasuryStock": "-50814000000",
        "retainedEarnings": "29473000000",
        "commonStock": "5061000000",
        "commonStockSharesOutstanding": "595200000"
      },
      {
        "fiscalDateEnding": "2021-12-31",
        "reportedCurrency": "USD",
        "totalAssets": "138552000000",
        "totalCurrentAssets": "108666000000",
        "cashAndCashEquivalentsAtCarryingValue": "8052000000",
        "cashAndShortTermInvestments": "8052000000",
        "inventory": "78823000000",
        "currentNetReceivables": "11378000000",
        "totalNonCurrentAssets": "29886000000",
        "propertyPlantEquipment": "10918000000",
        "accumulatedDepreciationAmortizationPPE": "None",
        "intangibleAssets": "2562000000",
        "intangibleAssetsExcludingGoodwill": "2562000000",
        "goodwill": "8068000000",
        "investments": "None",
        "longTermInvestments": "975000000",
        "shortTermInvestments": "8192000000",
        "otherCurrentAssets": "2221000000",
        "otherNonCurrentAssets": "None",
        "totalLiabilities": "153398000000",
        "totalCurrentLiabilities": "81992000000",
        "currentAccountsPayable": "9261000000",
        "deferredRevenue": "None",
        "currentDebt": "None",
        "shortTermDebt": "1564000000",
        "totalNonCurrentLiabilities": "71406000000",
        "capitalLeaseObligations": "448000000",
        "longTermDebt": "56806000000",
        "currentLongTermDebt": "1296000000",
        "longTermDebtNoncurrent": "None",
        "shortLongTermDebtTotal": "58370000000",
        "otherCurrentLiabilities": "18182000000",
        "otherNonCurrentLiabilities": "1750000000",
        "totalShareholderEquity": "-14999000000",
        "treasuryStock": "-51861000000",
        "retainedEarnings": "34408000000",
        "commonStock": "5061000000",
        "commonStockSharesOutstanding": "588000000"
      },
      {
        "fiscalDateEnding": "2020-12-31",
        "reportedCurrency": "USD",
        "totalAssets": "152136000000",
        "totalCurrentAssets": "121642000000",
        "cashAndCashEquivalentsAtCarryingValue": "7752000000",
        "cashAndShortTermInvestments": "7752000000",
        "inventory": "81715000000",
        "currentNetReceivables": "10051000000",
        "totalNonCurrentAssets": "30494000000",
        "propertyPlantEquipment": "11820000000",
        "accumulatedDepreciationAmortizationPPE": "None",
        "intangibleAssets": "2843000000",
        "intangibleAssetsExcludingGoodwill": "2843000000",
        "goodwill": "8081000000",
        "investments": "None",
        "longTermInvestments": "2952000000",
        "shortTermInvestments": "17838000000",
        "otherCurrentAssets": "4286000000",
        "otherNonCurrentAssets": "None",
        "totalLiabilities": "170211000000",
        "totalCurrentLiabilities": "87280000000",
        "currentAccountsPayable": "12928000000",
        "deferredRevenue": "None",
        "currentDebt": "None",
        "shortTermDebt": "1961000000",
        "totalNonCurrentLiabilities": "82931000000",
        "capitalLeaseObligations": "471000000",
        "longTermDebt": "61890000000",
        "currentLongTermDebt": "1693000000",
        "longTermDebtNoncurrent": "None",
        "shortLongTermDebtTotal": "63851000000",
        "otherCurrentLiabilities": "21860000000",
        "otherNonCurrentLiabilities": "20031000000",
        "totalShareholderEquity": "-18316000000",
        "treasuryStock": "-52641000000",
        "retainedEarnings": "38610000000",
        "commonStock": "5061000000",
        "commonStockSharesOutstanding": "569000000"
      },
      {
        "fiscalDateEnding": "2019-12-31",
        "reportedCurrency": "USD",
        "totalAssets": "133625000000",
        "totalCurrentAssets": "102229000000",
        "cashAndCashEquivalentsAtCarryingValue": "9485000000",
        "cashAndShortTermInvestments": "9485000000",
        "inventory": "76622000000",
        "currentNetReceivables": "12471000000",
        "totalNonCurrentAssets": "31396000000",
        "propertyPlantEquipment": "12502000000",
        "accumulatedDepreciationAmortizationPPE": "None",
        "intangibleAssets": "3338000000",
        "intangibleAssetsExcludingGoodwill": "3338000000",
        "goodwill": "8060000000",
        "investments": "None",
        "longTermInvestments": "3228000000",
        "shortTermInvestments": "545000000",
        "otherCurrentAssets": "3106000000",
        "otherNonCurrentAssets": "None",
        "totalLiabilities": "141925000000",
        "totalCurrentLiabilities": "97312000000",
        "currentAccountsPayable": "15553000000",
        "deferredRevenue": "None",
        "currentDebt": "None",
        "shortTermDebt": "7592000000",
        "totalNonCurrentLiabilities": "44613000000",
        "capitalLeaseObligations": "229000000",
        "longTermDebt": "19804000000",
        "currentLongTermDebt": "7269000000",
        "longTermDebtNoncurrent": "None",
        "shortLongTermDebtTotal": "27554000000",
        "otherCurrentLiabilities": "21946000000",
        "otherNonCurrentLiabilities": "24238000000",
        "totalShareholderEquity": "-8617000000",
        "treasuryStock": "-54914000000",
        "retainedEarnings": "50644000000",
        "commonStock": "5061000000",
        "commonStockSharesOutstanding": "567857143"
      },
      {
        "fiscalDateEnding": "2018-12-31",
        "reportedCurrency": "USD",
        "totalAssets": "117359000000",
        "totalCurrentAssets": "87830000000",
        "cashAndCashEquivalentsAtCarryingValue": "7637000000",
        "cashAndShortTermInvestments": "7637000000",
        "inventory": "62567000000",
        "currentNetReceivables": "14364000000",
        "totalNonCurrentAssets": "29529000000",
        "propertyPlantEquipment": "12645000000",
        "accumulatedDepreciationAmortizationPPE": "None",
        "intangibleAssets": "3429000000",
        "intangibleAssetsExcludingGoodwill": "3429000000",
        "goodwill": "7840000000",
        "investments": "None",
        "longTermInvestments": "3505000000",
        "shortTermInvestments": "927000000",
        "otherCurrentAssets": "2335000000",
        "otherNonCurrentAssets": "None",
        "totalLiabilities": "116949000000",
        "totalCurrentLiabilities": "81590000000",
        "currentAccountsPayable": "12916000000",
        "deferredRevenue": "None",
        "currentDebt": "None",
        "shortTermDebt": "3190000000",
        "totalNonCurrentLiabilities": "35359000000",
        "capitalLeaseObligations": "156000000",
        "longTermDebt": "10558000000",
        "currentLongTermDebt": "3133000000",
        "longTermDebtNoncurrent": "None",
        "shortLongTermDebtTotal": "13847000000",
        "otherCurrentLiabilities": "14808000000",
        "otherNonCurrentLiabilities": "22966000000",
        "totalShareholderEquity": "339000000",
        "treasuryStock": "-52348000000",
        "retainedEarnings": "55941000000",
        "commonStock": "5061000000",
        "commonStockSharesOutstanding": "586200000"
      },
      {
        "fiscalDateEnding": "2017-12-31",
        "reportedCurrency": "USD",
        "totalAssets": "92333000000",
        "totalCurrentAssets": "65161000000",
        "cashAndCashEquivalentsAtCarryingValue": "8813000000",
        "cashAndShortTermInvestments": "8813000000",
        "inventory": "44344000000",
        "currentNetReceivables": "10825000000",
        "totalNonCurrentAssets": "27172000000",
        "propertyPlantEquipment": "12672000000",
        "accumulatedDepreciationAmortizationPPE": "None",
        "intangibleAssets": "2573000000",
        "intangibleAssetsExcludingGoodwill": "2573000000",
        "goodwill": "5559000000",
        "investments": "None",
        "longTermInvestments": "4000000000",
        "shortTermInvestments": "1179000000",
        "otherCurrentAssets": "309000000",
        "otherNonCurrentAssets": "None",
        "totalLiabilities": "91921000000",
        "totalCurrentLiabilities": "56269000000",
        "currentAccountsPayable": "12202000000",
        "deferredRevenue": "None",
        "currentDebt": "None",
        "shortTermDebt": "1335000000",
        "totalNonCurrentLiabilities": "35652000000",
        "capitalLeaseObligations": "138000000",
        "longTermDebt": "9696000000",
        "currentLongTermDebt": "1283000000",
        "longTermDebtNoncurrent": "None",
        "shortLongTermDebtTotal": "11117000000",
        "otherCurrentLiabilities": "15292000000",
        "otherNonCurrentLiabilities": "24031000000",
        "totalShareholderEquity": "355000000",
        "treasuryStock": "-43454000000",
        "retainedEarnings": "45320000000",
        "commonStock": "5061000000",
        "commonStockSharesOutstanding": "610700000"
      },
      {
        "fiscalDateEnding": "2016-12-31",
        "reportedCurrency": "USD",
        "totalAssets": "89997000000",
        "totalCurrentAssets": "62488000000",
        "cashAndCashEquivalentsAtCarryingValue": "8801000000",
        "cashAndShortTermInvestments": "8801000000",
        "inventory": "43199000000",
        "currentNetReceivables": "9260000000",
        "totalNonCurrentAssets": "27509000000",
        "propertyPlantEquipment": "12807000000",
        "accumulatedDepreciationAmortizationPPE": "None",
        "intangibleAssets": "2540000000",
        "intangibleAssetsExcludingGoodwill": "2540000000",
        "goodwill": "5324000000",
        "investments": "None",
        "longTermInvestments": "5090000000",
        "shortTermInvestments": "1228000000",
        "otherCurrentAssets": "428000000",
        "otherNonCurrentAssets": "None",
        "totalLiabilities": "89120000000",
        "totalCurrentLiabilities": "50134000000",
        "currentAccountsPayable": "11190000000",
        "deferredRevenue": "None",
        "currentDebt": "None",
        "shortTermDebt": "384000000",
        "totalNonCurrentLiabilities": "38986000000",
        "capitalLeaseObligations": "138000000",
        "longTermDebt": "9487000000",
        "currentLongTermDebt": "327000000",
        "longTermDebtNoncurrent": "None",
        "shortLongTermDebtTotal": "9952000000",
        "otherCurrentLiabilities": "14691000000",
        "otherNonCurrentLiabilities": "28080000000",
        "totalShareholderEquity": "817000000",
        "treasuryStock": "-36097000000",
        "retainedEarnings": "40714000000",
        "commonStock": "5061000000",
        "commonStockSharesOutstanding": "643800000"
      },
      {
        "fiscalDateEnding": "2015-12-31",
        "reportedCurrency": "USD",
        "totalAssets": "94408000000",
        "totalCurrentAssets": "68234000000",
        "cashAndCashEquivalentsAtCarryingValue": "11302000000",
        "cashAndShortTermInvestments": "11302000000",
        "inventory": "47257000000",
        "currentNetReceivables": "8925000000",
        "totalNonCurrentAssets": "26174000000",
        "propertyPlantEquipment": "12076000000",
        "accumulatedDepreciationAmortizationPPE": "None",
        "intangibleAssets": "2657000000",
        "intangibleAssetsExcludingGoodwill": "2657000000",
        "goodwill": "5126000000",
        "investments": "None",
        "longTermInvestments": "4642000000",
        "shortTermInvestments": "750000000",
        "otherCurrentAssets": "212000000",
        "otherNonCurrentAssets": "None",
        "totalLiabilities": "88011000000",
        "totalCurrentLiabilities": "50412000000",
        "currentAccountsPayable": "10800000000",
        "deferredRevenue": "None",
        "currentDebt": "None",
        "shortTermDebt": "1234000000",
        "totalNonCurrentLiabilities": "37599000000",
        "capitalLeaseObligations": "None",
        "longTermDebt": "8633000000",
        "currentLongTermDebt": "734000000",
        "longTermDebtNoncurrent": "None",
        "shortLongTermDebtTotal": "9964000000",
        "otherCurrentLiabilities": "14014000000",
        "otherNonCurrentLiabilities": "26477000000",
        "totalShareholderEquity": "6335000000",
        "treasuryStock": "-29568000000",
        "retainedEarnings": "38756000000",
        "commonStock": "5061000000",
        "commonStockSharesOutstanding": "696100000"
      },
      {
        "fiscalDateEnding": "2014-12-31",
        "reportedCurrency": "USD",
        "totalAssets": "99198000000",
        "totalCurrentAssets": "67785000000",
        "cashAndCashEquivalentsAtCarryingValue": "11733000000",
        "cashAndShortTermInvestments": "11733000000",
        "inventory": "46756000000",
        "currentNetReceivables": "7919000000",
        "totalNonCurrentAssets": "31413000000",
        "propertyPlantEquipment": "11007000000",
        "accumulatedDepreciationAmortizationPPE": "None",
        "intangibleAssets": "2869000000",
        "intangibleAssetsExcludingGoodwill": "2869000000",
        "goodwill": "5119000000",
        "investments": "None",
        "longTermInvestments": "4525000000",
        "shortTermInvestments": "1359000000",
        "otherCurrentAssets": "18000000",
        "otherNonCurrentAssets": "None",
        "totalLiabilities": "90408000000",
        "totalCurrentLiabilities": "56717000000",
        "currentAccountsPayable": "10667000000",
        "deferredRevenue": "None",
        "currentDebt": "None",
        "shortTermDebt": "929000000",
        "totalNonCurrentLiabilities": "33691000000",
        "capitalLeaseObligations": "None",
        "longTermDebt": "8141000000",
        "currentLongTermDebt": "829000000",
        "longTermDebtNoncurrent": "None",
        "shortLongTermDebtTotal": "9070000000",
        "otherCurrentLiabilities": "21946000000",
        "otherNonCurrentLiabilities": "25550000000",
        "totalShareholderEquity": "8665000000",
        "treasuryStock": "-23298000000",
        "retainedEarnings": "36180000000",
        "commonStock": "5061000000",
        "commonStockSharesOutstanding": "738000000"
      },
      {
        "fiscalDateEnding": "2013-12-31",
        "reportedCurrency": "USD",
        "totalAssets": "92663000000",
        "totalCurrentAssets": "65074000000",
        "cashAndCashEquivalentsAtCarryingValue": "9088000000",
        "cashAndShortTermInvestments": "9088000000",
        "inventory": "42912000000",
        "currentNetReceivables": "6890000000",
        "totalNonCurrentAssets": "27589000000",
        "propertyPlantEquipment": "10224000000",
        "accumulatedDepreciationAmortizationPPE": "None",
        "intangibleAssets": "3052000000",
        "intangibleAssetsExcludingGoodwill": "3052000000",
        "goodwill": "5043000000",
        "investments": "None",
        "longTermInvestments": "4831000000",
        "shortTermInvestments": "6170000000",
        "otherCurrentAssets": "14000000",
        "otherNonCurrentAssets": "None",
        "totalLiabilities": "77666000000",
        "totalCurrentLiabilities": "51486000000",
        "currentAccountsPayable": "9498000000",
        "deferredRevenue": "None",
        "currentDebt": "None",
        "shortTermDebt": "1563000000",
        "totalNonCurrentLiabilities": "26180000000",
        "capitalLeaseObligations": "None",
        "longTermDebt": "8072000000",
        "currentLongTermDebt": "9635000000",
        "longTermDebtNoncurrent": "None",
        "shortLongTermDebtTotal": "9635000000",
        "otherCurrentLiabilities": "20398000000",
        "otherNonCurrentLiabilities": "18108000000",
        "totalShareholderEquity": "14875000000",
        "treasuryStock": "-17671000000",
        "retainedEarnings": "32964000000",
        "commonStock": "5061000000",
        "commonStockSharesOutstanding": "769500000"
      },
      {
        "fiscalDateEnding": "2012-12-31",
        "reportedCurrency": "USD",
        "totalAssets": "88896000000",
        "totalCurrentAssets": "57309000000",
        "cashAndCashEquivalentsAtCarryingValue": "10341000000",
        "cashAndShortTermInvestments": "10341000000",
        "inventory": "37751000000",
        "currentNetReceivables": "5972000000",
        "totalNonCurrentAssets": "31587000000",
        "propertyPlantEquipment": "9660000000",
        "accumulatedDepreciationAmortizationPPE": "None",
        "intangibleAssets": "3111000000",
        "intangibleAssetsExcludingGoodwill": "3111000000",
        "goodwill": "5035000000",
        "investments": "None",
        "longTermInvestments": "5236000000",
        "shortTermInvestments": "3217000000",
        "otherCurrentAssets": "28000000",
        "otherNonCurrentAssets": "None",
        "totalLiabilities": "82929000000",
        "totalCurrentLiabilities": "44982000000",
        "currentAccountsPayable": "9394000000",
        "deferredRevenue": "None",
        "currentDebt": "None",
        "shortTermDebt": "1436000000",
        "totalNonCurrentLiabilities": "37947000000",
        "capitalLeaseObligations": "None",
        "longTermDebt": "8973000000",
        "currentLongTermDebt": "10409000000",
        "longTermDebtNoncurrent": "None",
        "shortLongTermDebtTotal": "10409000000",
        "otherCurrentLiabilities": "17480000000",
        "otherNonCurrentLiabilities": "28974000000",
        "totalShareholderEquity": "5867000000",
        "treasuryStock": "-15937000000",
        "retainedEarnings": "30037000000",
        "commonStock": "5061000000",
        "commonStockSharesOutstanding": "763800000"
      },
      {
        "fiscalDateEnding": "2011-12-31",
        "reportedCurrency": "USD",
        "totalAssets": "79986000000",
        "totalCurrentAssets": "49810000000",
        "cashAndCashEquivalentsAtCarryingValue": "10049000000",
        "cashAndShortTermInvestments": "10049000000",
        "inventory": "32240000000",
        "currentNetReceivables": "6269000000",
        "totalNonCurrentAssets": "30176000000",
        "propertyPlantEquipment": "9313000000",
        "accumulatedDepreciationAmortizationPPE": "None",
        "intangibleAssets": "3044000000",
        "intangibleAssetsExcludingGoodwill": "3044000000",
        "goodwill": "4945000000",
        "investments": "None",
        "longTermInvestments": "5339000000",
        "shortTermInvestments": "1223000000",
        "otherCurrentAssets": "29000000",
        "otherNonCurrentAssets": "None",
        "totalLiabilities": "76378000000",
        "totalCurrentLiabilities": "41274000000",
        "currentAccountsPayable": "8406000000",
        "deferredRevenue": "None",
        "currentDebt": "None",
        "shortTermDebt": "2353000000",
        "totalNonCurrentLiabilities": "35104000000",
        "capitalLeaseObligations": "None",
        "longTermDebt": "10018000000",
        "currentLongTermDebt": "12371000000",
        "longTermDebtNoncurrent": "None",
        "shortLongTermDebtTotal": "12371000000",
        "otherCurrentLiabilities": "12239000000",
        "otherNonCurrentLiabilities": "25086000000",
        "totalShareholderEquity": "3515000000",
        "treasuryStock": "-16603000000",
        "retainedEarnings": "27524000000",
        "commonStock": "5061000000",
        "commonStockSharesOutstanding": "753100000"
      },
      {
        "fiscalDateEnding": "2010-12-31",
        "reportedCurrency": "USD",
        "totalAssets": "68565000000",
        "totalCurrentAssets": "40572000000",
        "cashAndCashEquivalentsAtCarryingValue": "5359000000",
        "cashAndShortTermInvestments": "5359000000",
        "inventory": "24317000000",
        "currentNetReceivables": "5422000000",
        "totalNonCurrentAssets": "27993000000",
        "propertyPlantEquipment": "8931000000",
        "accumulatedDepreciationAmortizationPPE": "None",
        "intangibleAssets": "2979000000",
        "intangibleAssetsExcludingGoodwill": "2979000000",
        "goodwill": "4937000000",
        "investments": "None",
        "longTermInvestments": "5506000000",
        "shortTermInvestments": "5158000000",
        "otherCurrentAssets": "31000000",
        "otherNonCurrentAssets": "None",
        "totalLiabilities": "65703000000",
        "totalCurrentLiabilities": "35395000000",
        "currentAccountsPayable": "7715000000",
        "deferredRevenue": "None",
        "currentDebt": "None",
        "shortTermDebt": "948000000",
        "totalNonCurrentLiabilities": "30308000000",
        "capitalLeaseObligations": "None",
        "longTermDebt": "11473000000",
        "currentLongTermDebt": "None",
        "longTermDebtNoncurrent": "None",
        "shortLongTermDebtTotal": "12421000000",
        "otherCurrentLiabilities": "13802000000",
        "otherNonCurrentLiabilities": "18835000000",
        "totalShareholderEquity": "2766000000",
        "treasuryStock": "-17187000000",
        "retainedEarnings": "24784000000",
        "commonStock": "5061000000",
        "commonStockSharesOutstanding": "744300000"
      },
      {
        "fiscalDateEnding": "2009-12-31",
        "reportedCurrency": "USD",
        "totalAssets": "62053000000",
        "totalCurrentAssets": "35275000000",
        "cashAndCashEquivalentsAtCarryingValue": "9215000000",
        "cashAndShortTermInvestments": "9215000000",
        "inventory": "16933000000",
        "currentNetReceivables": "5785000000",
        "totalNonCurrentAssets": "26778000000",
        "propertyPlantEquipment": "8784000000",
        "accumulatedDepreciationAmortizationPPE": "None",
        "intangibleAssets": "2877000000",
        "intangibleAssetsExcludingGoodwill": "2877000000",
        "goodwill": "4319000000",
        "investments": "None",
        "longTermInvestments": "6496000000",
        "shortTermInvestments": "2008000000",
        "otherCurrentAssets": "966000000",
        "otherNonCurrentAssets": "None",
        "totalLiabilities": "59828000000",
        "totalCurrentLiabilities": "32883000000",
        "currentAccountsPayable": "7096000000",
        "deferredRevenue": "None",
        "currentDebt": "None",
        "shortTermDebt": "707000000",
        "totalNonCurrentLiabilities": "26945000000",
        "capitalLeaseObligations": "None",
        "longTermDebt": "12217000000",
        "currentLongTermDebt": "None",
        "longTermDebtNoncurrent": "None",
        "shortLongTermDebtTotal": "12924000000",
        "otherCurrentLiabilities": "12822000000",
        "otherNonCurrentLiabilities": "14728000000",
        "totalShareholderEquity": "2128000000",
        "treasuryStock": "-15911000000",
        "retainedEarnings": "22746000000",
        "commonStock": "5061000000",
        "commonStockSharesOutstanding": "713400000"
      },
      {
        "fiscalDateEnding": "2008-12-31",
        "reportedCurrency": "USD",
        "totalAssets": "53779000000",
        "totalCurrentAssets": "25964000000",
        "cashAndCashEquivalentsAtCarryingValue": "3268000000",
        "cashAndShortTermInvestments": "3268000000",
        "inventory": "15612000000",
        "currentNetReceivables": "5602000000",
        "totalNonCurrentAssets": "27815000000",
        "propertyPlantEquipment": "8762000000",
        "accumulatedDepreciationAmortizationPPE": "None",
        "intangibleAssets": "2685000000",
        "intangibleAssetsExcludingGoodwill": "2685000000",
        "goodwill": "3647000000",
        "investments": "None",
        "longTermInvestments": "None",
        "shortTermInvestments": "11000000",
        "otherCurrentAssets": "1046000000",
        "otherNonCurrentAssets": "None",
        "totalLiabilities": "55073000000",
        "totalCurrentLiabilities": "30925000000",
        "currentAccountsPayable": "5871000000",
        "deferredRevenue": "None",
        "currentDebt": "None",
        "shortTermDebt": "560000000",
        "totalNonCurrentLiabilities": "24148000000",
        "capitalLeaseObligations": "None",
        "longTermDebt": "6952000000",
        "currentLongTermDebt": "None",
        "longTermDebtNoncurrent": "None",
        "shortLongTermDebtTotal": "7512000000",
        "otherCurrentLiabilities": "11716000000",
        "otherNonCurrentLiabilities": "None",
        "totalShareholderEquity": "-1294000000",
        "treasuryStock": "-18961000000",
        "retainedEarnings": "22675000000",
        "commonStock": "5061000000",
        "commonStockSharesOutstanding": "729000000"
      },
      {
        "fiscalDateEnding": "2007-12-31",
        "reportedCurrency": "USD",
        "totalAssets": "58986000000",
        "totalCurrentAssets": "27280000000",
        "cashAndCashEquivalentsAtCarryingValue": "7042000000",
        "cashAndShortTermInvestments": "7042000000",
        "inventory": "9563000000",
        "currentNetReceivables": "5740000000",
        "totalNonCurrentAssets": "31706000000",
        "propertyPlantEquipment": "8265000000",
        "accumulatedDepreciationAmortizationPPE": "None",
        "intangibleAssets": "2093000000",
        "intangibleAssetsExcludingGoodwill": "2093000000",
        "goodwill": "3081000000",
        "investments": "None",
        "longTermInvestments": "None",
        "shortTermInvestments": "2266000000",
        "otherCurrentAssets": "2669000000",
        "otherNonCurrentAssets": "None",
        "totalLiabilities": "49982000000",
        "totalCurrentLiabilities": "31538000000",
        "currentAccountsPayable": "16676000000",
        "deferredRevenue": "None",
        "currentDebt": "None",
        "shortTermDebt": "-10200000000",
        "totalNonCurrentLiabilities": "18444000000",
        "capitalLeaseObligations": "None",
        "longTermDebt": "7455000000",
        "currentLongTermDebt": "None",
        "longTermDebtNoncurrent": "None",
        "shortLongTermDebtTotal": "8217000000",
        "otherCurrentLiabilities": "13847000000",
        "otherNonCurrentLiabilities": "None",
        "totalShareholderEquity": "9004000000",
        "treasuryStock": "-17594000000",
        "retainedEarnings": "21376000000",
        "commonStock": "5061000000",
        "commonStockSharesOutstanding": "772500000"
      },
      {
        "fiscalDateEnding": "2006-12-31",
        "reportedCurrency": "USD",
        "totalAssets": "51794000000",
        "totalCurrentAssets": "22983000000",
        "cashAndCashEquivalentsAtCarryingValue": "6118000000",
        "cashAndShortTermInvestments": "6118000000",
        "inventory": "8105000000",
        "currentNetReceivables": "5285000000",
        "totalNonCurrentAssets": "28811000000",
        "propertyPlantEquipment": "7675000000",
        "accumulatedDepreciationAmortizationPPE": "None",
        "intangibleAssets": "1698000000",
        "intangibleAssetsExcludingGoodwill": "1698000000",
        "goodwill": "3047000000",
        "investments": "None",
        "longTermInvestments": "None",
        "shortTermInvestments": "268000000",
        "otherCurrentAssets": "3207000000",
        "otherNonCurrentAssets": "None",
        "totalLiabilities": "47055000000",
        "totalCurrentLiabilities": "29701000000",
        "currentAccountsPayable": "16201000000",
        "deferredRevenue": "None",
        "currentDebt": "None",
        "shortTermDebt": "-9177000000",
        "totalNonCurrentLiabilities": "17354000000",
        "capitalLeaseObligations": "None",
        "longTermDebt": "8157000000",
        "currentLongTermDebt": "None",
        "longTermDebtNoncurrent": "None",
        "shortLongTermDebtTotal": "9538000000",
        "otherCurrentLiabilities": "11449000000",
        "otherNonCurrentLiabilities": "None",
        "totalShareholderEquity": "4739000000",
        "treasuryStock": "-15213000000",
        "retainedEarnings": "18453000000",
        "commonStock": "5061000000",
        "commonStockSharesOutstanding": "787600000"
      },
      {
        "fiscalDateEnding": "2005-12-31",
        "reportedCurrency": "USD",
        "totalAssets": "60058000000",
        "totalCurrentAssets": "21968000000",
        "cashAndCashEquivalentsAtCarryingValue": "5412000000",
        "cashAndShortTermInvestments": "5412000000",
        "inventory": "7940000000",
        "currentNetReceivables": "5246000000",
        "totalNonCurrentAssets": "38090000000",
        "propertyPlantEquipment": "8420000000",
        "accumulatedDepreciationAmortizationPPE": "None",
        "intangibleAssets": "875000000",
        "intangibleAssetsExcludingGoodwill": "875000000",
        "goodwill": "1924000000",
        "investments": "None",
        "longTermInvestments": "None",
        "shortTermInvestments": "554000000",
        "otherCurrentAssets": "2816000000",
        "otherNonCurrentAssets": "None",
        "totalLiabilities": "48999000000",
        "totalCurrentLiabilities": "28188000000",
        "currentAccountsPayable": "16513000000",
        "deferredRevenue": "None",
        "currentDebt": "None",
        "shortTermDebt": "-10138000000",
        "totalNonCurrentLiabilities": "20811000000",
        "capitalLeaseObligations": "None",
        "longTermDebt": "9538000000",
        "currentLongTermDebt": "None",
        "longTermDebtNoncurrent": "None",
        "shortLongTermDebtTotal": "10727000000",
        "otherCurrentLiabilities": "-207000000",
        "otherNonCurrentLiabilities": "None",
        "totalShareholderEquity": "11059000000",
        "treasuryStock": "-13871000000",
        "retainedEarnings": "17276000000",
        "commonStock": "5061000000",
        "commonStockSharesOutstanding": "802900000"
      }
    ],
    "quarterlyReports": [
      {
        "fiscalDateEnding": "2025-09-30",
        "reportedCurrency": "None",
        "totalAssets": "150023000000",
        "totalCurrentAssets": "122132000000",
        "cashAndCashEquivalentsAtCarryingValue": "6173000000",
        "cashAndShortTermInvestments": "6173000000",
        "inventory": "82425000000",
        "currentNetReceivables": "12346000000",
        "totalNonCurrentAssets": "27891000000",
        "propertyPlantEquipment": "None",
        "accumulatedDepreciationAmortizationPPE": "None",
        "intangibleAssets": "1495000000",
        "intangibleAssetsExcludingGoodwill": "1495000000",
        "goodwill": "7281000000",
        "investments": "None",
        "longTermInvestments": "None",
        "shortTermInvestments": "None",
        "otherCurrentAssets": "21188000000",
        "otherNonCurrentAssets": "None",
        "totalLiabilities": "158276000000",
        "totalCurrentLiabilities": "103324000000",
        "currentAccountsPayable": "11732000000",
        "deferredRevenue": "None",
        "currentDebt": "None",
        "shortTermDebt": "8742000000",
        "totalNonCurrentLiabilities": "54952000000",
        "capitalLeaseObligations": "None",
        "longTermDebt": "None",
        "currentLongTermDebt": "None",
        "longTermDebtNoncurrent": "None",
        "shortLongTermDebtTotal": "53353000000",
        "otherCurrentLiabilities": "82850000000",
        "otherNonCurrentLiabilities": "None",
        "totalShareholderEquity": "-8250000000",
        "treasuryStock": "None",
        "retainedEarnings": "9118000000",
        "commonStock": "5061000000",
        "commonStockSharesOutstanding": "756700000"
      },
      {
        "fiscalDateEnding": "2025-06-30",
        "reportedCurrency": "USD",
        "totalAssets": "155120000000",
        "totalCurrentAssets": "127301000000",
        "cashAndCashEquivalentsAtCarryingValue": "7087000000",
        "cashAndShortTermInvestments": "7087000000",
        "inventory": "87853000000",
        "currentNetReceivables": "12467000000",
        "totalNonCurrentAssets": "27819000000",
        "propertyPlantEquipment": "11907000000",
        "accumulatedDepreciationAmortizationPPE": "None",
        "intangibleAssets": "1542000000",
        "intangibleAssetsExcludingGoodwill": "1542000000",
        "goodwill": "7280000000",
        "investments": "None",
        "longTermInvestments": "1036000000",
        "shortTermInvestments": "15880000000",
        "otherCurrentAssets": "4014000000",
        "otherNonCurrentAssets": "None",
        "totalLiabilities": "158416000000",
        "totalCurrentLiabilities": "103376000000",
        "currentAccountsPayable": "11238000000",
        "deferredRevenue": "None",
        "currentDebt": "None",
        "shortTermDebt": "8719000000",
        "totalNonCurrentLiabilities": "55040000000",
        "capitalLeaseObligations": "None",
        "longTermDebt": "44604000000",
        "currentLongTermDebt": "8719000000",
        "longTermDebtNoncurrent": "None",
        "shortLongTermDebtTotal": "53323000000",
        "otherCurrentLiabilities": "24012000000",
        "otherNonCurrentLiabilities": "2324000000",
        "totalShareholderEquity": "-3295000000",
        "treasuryStock": "None",
        "retainedEarnings": "14542000000",
        "commonStock": "5061000000",
        "commonStockSharesOutstanding": "756600000"
      },
      {
        "fiscalDateEnding": "2025-03-31",
        "reportedCurrency": "USD",
        "totalAssets": "156494000000",
        "totalCurrentAssets": "127662000000",
        "cashAndCashEquivalentsAtCarryingValue": "10142000000",
        "cashAndShortTermInvestments": "10142000000",
        "inventory": "89077000000",
        "currentNetReceivables": "12437000000",
        "totalNonCurrentAssets": "28832000000",
        "propertyPlantEquipment": "11696000000",
        "accumulatedDepreciationAmortizationPPE": "None",
        "intangibleAssets": "1904000000",
        "intangibleAssetsExcludingGoodwill": "1904000000",
        "goodwill": "8091000000",
        "investments": "None",
        "longTermInvestments": "1001000000",
        "shortTermInvestments": "13532000000",
        "otherCurrentAssets": "2474000000",
        "otherNonCurrentAssets": "None",
        "totalLiabilities": "159819000000",
        "totalCurrentLiabilities": "103654000000",
        "currentAccountsPayable": "11034000000",
        "deferredRevenue": "None",
        "currentDebt": "None",
        "shortTermDebt": "7930000000",
        "totalNonCurrentLiabilities": "56165000000",
        "capitalLeaseObligations": "None",
        "longTermDebt": "45688000000",
        "currentLongTermDebt": "7930000000",
        "longTermDebtNoncurrent": "None",
        "shortLongTermDebtTotal": "53618000000",
        "otherCurrentLiabilities": "23576000000",
        "otherNonCurrentLiabilities": "2260000000",
        "totalShareholderEquity": "-3325000000",
        "treasuryStock": "None",
        "retainedEarnings": "15239000000",
        "commonStock": "5061000000",
        "commonStockSharesOutstanding": "753400000"
      },
      {
        "fiscalDateEnding": "2024-12-31",
        "reportedCurrency": "USD",
        "totalAssets": "156363000000",
        "totalCurrentAssets": "127998000000",
        "cashAndCashEquivalentsAtCarryingValue": "13801000000",
        "cashAndShortTermInvestments": "13801000000",
        "inventory": "87550000000",
        "currentNetReceivables": "11201000000",
        "totalNonCurrentAssets": "28365000000",
        "propertyPlantEquipment": "11652000000",
        "accumulatedDepreciationAmortizationPPE": "None",
        "intangibleAssets": "1957000000",
        "intangibleAssetsExcludingGoodwill": "1957000000",
        "goodwill": "8084000000",
        "investments": "None",
        "longTermInvestments": "999000000",
        "shortTermInvestments": "12481000000",
        "otherCurrentAssets": "2965000000",
        "otherNonCurrentAssets": "None",
        "totalLiabilities": "160277000000",
        "totalCurrentLiabilities": "97078000000",
        "currentAccountsPayable": "11364000000",
        "deferredRevenue": "None",
        "currentDebt": "None",
        "shortTermDebt": "1602000000",
        "totalNonCurrentLiabilities": "63199000000",
        "capitalLeaseObligations": "563000000",
        "longTermDebt": "52433000000",
        "currentLongTermDebt": "1192000000",
        "longTermDebtNoncurrent": "None",
        "shortLongTermDebtTotal": "54188000000",
        "otherCurrentLiabilities": "23779000000",
        "otherNonCurrentLiabilities": "2318000000",
        "totalShareholderEquity": "-3908000000",
        "treasuryStock": "None",
        "retainedEarnings": "15362000000",
        "commonStock": "5061000000",
        "commonStockSharesOutstanding": "718100000"
      },
      {
        "fiscalDateEnding": "2024-09-30",
        "reportedCurrency": "USD",
        "totalAssets": "137695000000",
        "totalCurrentAssets": "109436000000",
        "cashAndCashEquivalentsAtCarryingValue": "9961000000",
        "cashAndShortTermInvestments": "9961000000",
        "inventory": "83341000000",
        "currentNetReceivables": "12707000000",
        "totalNonCurrentAssets": "28259000000",
        "propertyPlantEquipment": "11480000000",
        "accumulatedDepreciationAmortizationPPE": "None",
        "intangibleAssets": "2011000000",
        "intangibleAssetsExcludingGoodwill": "2011000000",
        "goodwill": "8112000000",
        "investments": "None",
        "longTermInvestments": "1030000000",
        "shortTermInvestments": "509000000",
        "otherCurrentAssets": "2918000000",
        "otherNonCurrentAssets": "None",
        "totalLiabilities": "161257000000",
        "totalCurrentLiabilities": "97300000000",
        "currentAccountsPayable": "12267000000",
        "deferredRevenue": "None",
        "currentDebt": "None",
        "shortTermDebt": "4474000000",
        "totalNonCurrentLiabilities": "63957000000",
        "capitalLeaseObligations": "None",
        "longTermDebt": "53176000000",
        "currentLongTermDebt": "4474000000",
        "longTermDebtNoncurrent": "None",
        "shortLongTermDebtTotal": "57650000000",
        "otherCurrentLiabilities": "22628000000",
        "otherNonCurrentLiabilities": "2314000000",
        "totalShareholderEquity": "-23552000000",
        "treasuryStock": "None",
        "retainedEarnings": "19299000000",
        "commonStock": "5061000000",
        "commonStockSharesOutstanding": "618856570"
      },
      {
        "fiscalDateEnding": "2024-06-30",
        "reportedCurrency": "USD",
        "totalAssets": "142720000000",
        "totalCurrentAssets": "114439000000",
        "cashAndCashEquivalentsAtCarryingValue": "10894000000",
        "cashAndShortTermInvestments": "10894000000",
        "inventory": "85661000000",
        "currentNetReceivables": "12875000000",
        "totalNonCurrentAssets": "28281000000",
        "propertyPlantEquipment": "None",
        "accumulatedDepreciationAmortizationPPE": "None",
        "intangibleAssets": "2067000000",
        "intangibleAssetsExcludingGoodwill": "2067000000",
        "goodwill": "8108000000",
        "investments": "None",
        "longTermInvestments": "1026000000",
        "shortTermInvestments": "1727000000",
        "otherCurrentAssets": "3282000000",
        "otherNonCurrentAssets": "None",
        "totalLiabilities": "160702000000",
        "totalCurrentLiabilities": "96630000000",
        "currentAccountsPayable": "11864000000",
        "deferredRevenue": "None",
        "currentDebt": "None",
        "shortTermDebt": "4765000000",
        "totalNonCurrentLiabilities": "64072000000",
        "capitalLeaseObligations": "None",
        "longTermDebt": "53162000000",
        "currentLongTermDebt": "4765000000",
        "longTermDebtNoncurrent": "None",
        "shortLongTermDebtTotal": "57927000000",
        "otherCurrentLiabilities": "21850000000",
        "otherNonCurrentLiabilities": "2212000000",
        "totalShareholderEquity": "-17976000000",
        "treasuryStock": "None",
        "retainedEarnings": "25469000000",
        "commonStock": "5061000000",
        "commonStockSharesOutstanding": "616300000"
      },
      {
        "fiscalDateEnding": "2024-03-31",
        "reportedCurrency": "USD",
        "totalAssets": "134484000000",
        "totalCurrentAssets": "106532000000",
        "cashAndCashEquivalentsAtCarryingValue": "6914000000",
        "cashAndShortTermInvestments": "6914000000",
        "inventory": "83471000000",
        "currentNetReceivables": "12689000000",
        "totalNonCurrentAssets": "27952000000",
        "propertyPlantEquipment": "None",
        "accumulatedDepreciationAmortizationPPE": "None",
        "intangibleAssets": "2034000000",
        "intangibleAssetsExcludingGoodwill": "2034000000",
        "goodwill": "8089000000",
        "investments": "None",
        "longTermInvestments": "1042000000",
        "shortTermInvestments": "615000000",
        "otherCurrentAssets": "2843000000",
        "otherNonCurrentAssets": "None",
        "totalLiabilities": "151500000000",
        "totalCurrentLiabilities": "93258000000",
        "currentAccountsPayable": "11616000000",
        "deferredRevenue": "None",
        "currentDebt": "None",
        "shortTermDebt": "1063000000",
        "totalNonCurrentLiabilities": "58242000000",
        "capitalLeaseObligations": "None",
        "longTermDebt": "46877000000",
        "currentLongTermDebt": "1063000000",
        "longTermDebtNoncurrent": "None",
        "shortLongTermDebtTotal": "47940000000",
        "otherCurrentLiabilities": "21607000000",
        "otherNonCurrentLiabilities": "2546000000",
        "totalShareholderEquity": "-17009000000",
        "treasuryStock": "None",
        "retainedEarnings": "26908000000",
        "commonStock": "5061000000",
        "commonStockSharesOutstanding": "612900000"
      },
      {
        "fiscalDateEnding": "2023-12-31",
        "reportedCurrency": "USD",
        "totalAssets": "137012000000",
        "totalCurrentAssets": "109275000000",
        "cashAndCashEquivalentsAtCarryingValue": "12691000000",
        "cashAndShortTermInvestments": "12691000000",
        "inventory": "79741000000",
        "currentNetReceivables": "11065000000",
        "totalNonCurrentAssets": "27737000000",
        "propertyPlantEquipment": "None",
        "accumulatedDepreciationAmortizationPPE": "None",
        "intangibleAssets": "2094000000",
        "intangibleAssetsExcludingGoodwill": "2094000000",
        "goodwill": "8093000000",
        "investments": "None",
        "longTermInvestments": "1035000000",
        "shortTermInvestments": "3274000000",
        "otherCurrentAssets": "2504000000",
        "otherNonCurrentAssets": "None",
        "totalLiabilities": "154240000000",
        "totalCurrentLiabilities": "95827000000",
        "currentAccountsPayable": "11964000000",
        "deferredRevenue": "None",
        "currentDebt": "None",
        "shortTermDebt": "5500000000",
        "totalNonCurrentLiabilities": "58413000000",
        "capitalLeaseObligations": "549000000",
        "longTermDebt": "46927000000",
        "currentLongTermDebt": "5127000000",
        "longTermDebtNoncurrent": "None",
        "shortLongTermDebtTotal": "52603000000",
        "otherCurrentLiabilities": "22035000000",
        "otherNonCurrentLiabilities": "2332000000",
        "totalShareholderEquity": "-17233000000",
        "treasuryStock": "None",
        "retainedEarnings": "27251000000",
        "commonStock": "5061000000",
        "commonStockSharesOutstanding": "609500000"
      },
      {
        "fiscalDateEnding": "2023-09-30",
        "reportedCurrency": "USD",
        "totalAssets": "134281000000",
        "totalCurrentAssets": "106935000000",
        "cashAndCashEquivalentsAtCarryingValue": "6811000000",
        "cashAndShortTermInvestments": "6811000000",
        "inventory": "78972000000",
        "currentNetReceivables": "12304000000",
        "totalNonCurrentAssets": "27346000000",
        "propertyPlantEquipment": "10484000000",
        "accumulatedDepreciationAmortizationPPE": "None",
        "intangibleAssets": "2143000000",
        "intangibleAssetsExcludingGoodwill": "2143000000",
        "goodwill": "8069000000",
        "investments": "None",
        "longTermInvestments": "1061000000",
        "shortTermInvestments": "6561000000",
        "otherCurrentAssets": "2287000000",
        "otherNonCurrentAssets": "None",
        "totalLiabilities": "150998000000",
        "totalCurrentLiabilities": "93062000000",
        "currentAccountsPayable": "11143000000",
        "deferredRevenue": "None",
        "currentDebt": "None",
        "shortTermDebt": "4891000000",
        "totalNonCurrentLiabilities": "57936000000",
        "capitalLeaseObligations": "None",
        "longTermDebt": "47381000000",
        "currentLongTermDebt": "4891000000",
        "longTermDebtNoncurrent": "None",
        "shortLongTermDebtTotal": "52272000000",
        "otherCurrentLiabilities": "21104000000",
        "otherNonCurrentLiabilities": "2239000000",
        "totalShareholderEquity": "-16729000000",
        "treasuryStock": "None",
        "retainedEarnings": "27274000000",
        "commonStock": "5061000000",
        "commonStockSharesOutstanding": "607200000"
      },
      {
        "fiscalDateEnding": "2023-06-30",
        "reportedCurrency": "USD",
        "totalAssets": "134774000000",
        "totalCurrentAssets": "107412000000",
        "cashAndCashEquivalentsAtCarryingValue": "7254000000",
        "cashAndShortTermInvestments": "7254000000",
        "inventory": "78322000000",
        "currentNetReceivables": "12387000000",
        "totalNonCurrentAssets": "27362000000",
        "propertyPlantEquipment": "10455000000",
        "accumulatedDepreciationAmortizationPPE": "None",
        "intangibleAssets": "2194000000",
        "intangibleAssetsExcludingGoodwill": "2194000000",
        "goodwill": "8061000000",
        "investments": "None",
        "longTermInvestments": "2130000000",
        "shortTermInvestments": "6508000000",
        "otherCurrentAssets": "2941000000",
        "otherNonCurrentAssets": "None",
        "totalLiabilities": "150267000000",
        "totalCurrentLiabilities": "92076000000",
        "currentAccountsPayable": "10936000000",
        "deferredRevenue": "None",
        "currentDebt": "None",
        "shortTermDebt": "4609000000",
        "totalNonCurrentLiabilities": "58191000000",
        "capitalLeaseObligations": "None",
        "longTermDebt": "47659000000",
        "currentLongTermDebt": "4609000000",
        "longTermDebtNoncurrent": "None",
        "shortLongTermDebtTotal": "52268000000",
        "otherCurrentLiabilities": "21221000000",
        "otherNonCurrentLiabilities": "10437000000",
        "totalShareholderEquity": "-15517000000",
        "treasuryStock": "None",
        "retainedEarnings": "28910000000",
        "commonStock": "5061000000",
        "commonStockSharesOutstanding": "605500000"
      },
      {
        "fiscalDateEnding": "2023-03-31",
        "reportedCurrency": "USD",
        "totalAssets": "136347000000",
        "totalCurrentAssets": "108811000000",
        "cashAndCashEquivalentsAtCarryingValue": "10812000000",
        "cashAndShortTermInvestments": "10812000000",
        "inventory": "78503000000",
        "currentNetReceivables": "12684000000",
        "totalNonCurrentAssets": "27536000000",
        "propertyPlantEquipment": "10493000000",
        "accumulatedDepreciationAmortizationPPE": "None",
        "intangibleAssets": "2254000000",
        "intangibleAssetsExcludingGoodwill": "2254000000",
        "goodwill": "8063000000",
        "investments": "None",
        "longTermInvestments": "2341000000",
        "shortTermInvestments": "3955000000",
        "otherCurrentAssets": "2857000000",
        "otherNonCurrentAssets": "None",
        "totalLiabilities": "151831000000",
        "totalCurrentLiabilities": "93510000000",
        "currentAccountsPayable": "10274000000",
        "deferredRevenue": "None",
        "currentDebt": "None",
        "shortTermDebt": "7926000000",
        "totalNonCurrentLiabilities": "58321000000",
        "capitalLeaseObligations": "None",
        "longTermDebt": "47465000000",
        "currentLongTermDebt": "7926000000",
        "longTermDebtNoncurrent": "None",
        "shortLongTermDebtTotal": "55391000000",
        "otherCurrentLiabilities": "20812000000",
        "otherNonCurrentLiabilities": "10662000000",
        "totalShareholderEquity": "-15508000000",
        "treasuryStock": "-50376000000",
        "retainedEarnings": "29059000000",
        "commonStock": "5061000000",
        "commonStockSharesOutstanding": "602500000"
      },
      {
        "fiscalDateEnding": "2022-12-31",
        "reportedCurrency": "USD",
        "totalAssets": "137100000000",
        "totalCurrentAssets": "109523000000",
        "cashAndCashEquivalentsAtCarryingValue": "14614000000",
        "cashAndShortTermInvestments": "14614000000",
        "inventory": "78151000000",
        "currentNetReceivables": "11305000000",
        "totalNonCurrentAssets": "27577000000",
        "propertyPlantEquipment": "10550000000",
        "accumulatedDepreciationAmortizationPPE": "None",
        "intangibleAssets": "2311000000",
        "intangibleAssetsExcludingGoodwill": "2311000000",
        "goodwill": "8057000000",
        "investments": "None",
        "longTermInvestments": "2433000000",
        "shortTermInvestments": "2606000000",
        "otherCurrentAssets": "2847000000",
        "otherNonCurrentAssets": "None",
        "totalLiabilities": "152948000000",
        "totalCurrentLiabilities": "90052000000",
        "currentAccountsPayable": "10200000000",
        "deferredRevenue": "None",
        "currentDebt": "None",
        "shortTermDebt": "5466000000",
        "totalNonCurrentLiabilities": "62896000000",
        "capitalLeaseObligations": "482000000",
        "longTermDebt": "51811000000",
        "currentLongTermDebt": "5190000000",
        "longTermDebtNoncurrent": "None",
        "shortLongTermDebtTotal": "57277000000",
        "otherCurrentLiabilities": "21305000000",
        "otherNonCurrentLiabilities": "10855000000",
        "totalShareholderEquity": "-15883000000",
        "treasuryStock": "-50814000000",
        "retainedEarnings": "29473000000",
        "commonStock": "5061000000",
        "commonStockSharesOutstanding": "598900000"
      },
      {
        "fiscalDateEnding": "2022-09-30",
        "reportedCurrency": "USD",
        "totalAssets": "137558000000",
        "totalCurrentAssets": "109251000000",
        "cashAndCashEquivalentsAtCarryingValue": "13494000000",
        "cashAndShortTermInvestments": "13494000000",
        "inventory": "79777000000",
        "currentNetReceivables": "12144000000",
        "totalNonCurrentAssets": "28307000000",
        "propertyPlantEquipment": "10508000000",
        "accumulatedDepreciationAmortizationPPE": "21208000000",
        "intangibleAssets": "2371000000",
        "intangibleAssetsExcludingGoodwill": "2371000000",
        "goodwill": "8045000000",
        "investments": "None",
        "longTermInvestments": "2492000000",
        "shortTermInvestments": "763000000",
        "otherCurrentAssets": "3073000000",
        "otherNonCurrentAssets": "None",
        "totalLiabilities": "155193000000",
        "totalCurrentLiabilities": "89618000000",
        "currentAccountsPayable": "9793000000",
        "deferredRevenue": "None",
        "currentDebt": "None",
        "shortTermDebt": "5431000000",
        "totalNonCurrentLiabilities": "65575000000",
        "capitalLeaseObligations": "None",
        "longTermDebt": "51788000000",
        "currentLongTermDebt": "5431000000",
        "longTermDebtNoncurrent": "None",
        "shortLongTermDebtTotal": "57219000000",
        "otherCurrentLiabilities": "21217000000",
        "otherNonCurrentLiabilities": "13557000000",
        "totalShareholderEquity": "-17699000000",
        "treasuryStock": "-51054000000",
        "retainedEarnings": "30107000000",
        "commonStock": "5061000000",
        "commonStockSharesOutstanding": "596300000"
      },
      {
        "fiscalDateEnding": "2022-06-30",
        "reportedCurrency": "USD",
        "totalAssets": "135479000000",
        "totalCurrentAssets": "106000000000",
        "cashAndCashEquivalentsAtCarryingValue": "10090000000",
        "cashAndShortTermInvestments": "10090000000",
        "inventory": "79917000000",
        "currentNetReceivables": "12549000000",
        "totalNonCurrentAssets": "29479000000",
        "propertyPlantEquipment": "10617000000",
        "accumulatedDepreciationAmortizationPPE": "20971000000",
        "intangibleAssets": "2431000000",
        "intangibleAssetsExcludingGoodwill": "2431000000",
        "goodwill": "8055000000",
        "investments": "None",
        "longTermInvestments": "2523000000",
        "shortTermInvestments": "1358000000",
        "otherCurrentAssets": "2086000000",
        "otherNonCurrentAssets": "None",
        "totalLiabilities": "150270000000",
        "totalCurrentLiabilities": "84799000000",
        "currentAccountsPayable": "9575000000",
        "deferredRevenue": "None",
        "currentDebt": "None",
        "shortTermDebt": "5406000000",
        "totalNonCurrentLiabilities": "65471000000",
        "capitalLeaseObligations": "None",
        "longTermDebt": "51794000000",
        "currentLongTermDebt": "5406000000",
        "longTermDebtNoncurrent": "None",
        "shortLongTermDebtTotal": "57200000000",
        "otherCurrentLiabilities": "17752000000",
        "otherNonCurrentLiabilities": "13639000000",
        "totalShareholderEquity": "-14888000000",
        "treasuryStock": "-51319000000",
        "retainedEarnings": "33382000000",
        "commonStock": "5061000000",
        "commonStockSharesOutstanding": "596100000"
      },
      {
        "fiscalDateEnding": "2022-03-31",
        "reportedCurrency": "USD",
        "totalAssets": "135801000000",
        "totalCurrentAssets": "106012000000",
        "cashAndCashEquivalentsAtCarryingValue": "7409000000",
        "cashAndShortTermInvestments": "7409000000",
        "inventory": "79819000000",
        "currentNetReceivables": "11555000000",
        "totalNonCurrentAssets": "29789000000",
        "propertyPlantEquipment": "10755000000",
        "accumulatedDepreciationAmortizationPPE": "20759000000",
        "intangibleAssets": "2492000000",
        "intangibleAssetsExcludingGoodwill": "2492000000",
        "goodwill": "8065000000",
        "investments": "None",
        "longTermInvestments": "2572000000",
        "shortTermInvestments": "4873000000",
        "otherCurrentAssets": "2356000000",
        "otherNonCurrentAssets": "None",
        "totalLiabilities": "151069000000",
        "totalCurrentLiabilities": "81692000000",
        "currentAccountsPayable": "8779000000",
        "deferredRevenue": "None",
        "currentDebt": "None",
        "shortTermDebt": "2591000000",
        "totalNonCurrentLiabilities": "69377000000",
        "capitalLeaseObligations": "None",
        "longTermDebt": "55150000000",
        "currentLongTermDebt": "2591000000",
        "longTermDebtNoncurrent": "None",
        "shortLongTermDebtTotal": "57741000000",
        "otherCurrentLiabilities": "17864000000",
        "otherNonCurrentLiabilities": "14069000000",
        "totalShareholderEquity": "-15398000000",
        "treasuryStock": "-51573000000",
        "retainedEarnings": "33189000000",
        "commonStock": "5061000000",
        "commonStockSharesOutstanding": "591400000"
      },
      {
        "fiscalDateEnding": "2021-12-31",
        "reportedCurrency": "USD",
        "totalAssets": "138552000000",
        "totalCurrentAssets": "108666000000",
        "cashAndCashEquivalentsAtCarryingValue": "8052000000",
        "cashAndShortTermInvestments": "8052000000",
        "inventory": "78823000000",
        "currentNetReceivables": "11378000000",
        "totalNonCurrentAssets": "29886000000",
        "propertyPlantEquipment": "10918000000",
        "accumulatedDepreciationAmortizationPPE": "None",
        "intangibleAssets": "2562000000",
        "intangibleAssetsExcludingGoodwill": "2562000000",
        "goodwill": "8068000000",
        "investments": "None",
        "longTermInvestments": "975000000",
        "shortTermInvestments": "8192000000",
        "otherCurrentAssets": "2221000000",
        "otherNonCurrentAssets": "None",
        "totalLiabilities": "153398000000",
        "totalCurrentLiabilities": "81992000000",
        "currentAccountsPayable": "9261000000",
        "deferredRevenue": "None",
        "currentDebt": "None",
        "shortTermDebt": "1564000000",
        "totalNonCurrentLiabilities": "71406000000",
        "capitalLeaseObligations": "448000000",
        "longTermDebt": "56806000000",
        "currentLongTermDebt": "1296000000",
        "longTermDebtNoncurrent": "None",
        "shortLongTermDebtTotal": "58370000000",
        "otherCurrentLiabilities": "18182000000",
        "otherNonCurrentLiabilities": "1750000000",
        "totalShareholderEquity": "-14999000000",
        "treasuryStock": "-51861000000",
        "retainedEarnings": "34408000000",
        "commonStock": "5061000000",
        "commonStockSharesOutstanding": "590300000"
      },
      {
        "fiscalDateEnding": "2021-09-30",
        "reportedCurrency": "USD",
        "totalAssets": "146846000000",
        "totalCurrentAssets": "116888000000",
        "cashAndCashEquivalentsAtCarryingValue": "9764000000",
        "cashAndShortTermInvestments": "9764000000",
        "inventory": "81897000000",
        "currentNetReceivables": "12332000000",
        "totalNonCurrentAssets": "29958000000",
        "propertyPlantEquipment": "11113000000",
        "accumulatedDepreciationAmortizationPPE": "20442000000",
        "intangibleAssets": "2631000000",
        "intangibleAssetsExcludingGoodwill": "2631000000",
        "goodwill": "8070000000",
        "investments": "None",
        "longTermInvestments": "963000000",
        "shortTermInvestments": "10231000000",
        "otherCurrentAssets": "2664000000",
        "otherNonCurrentAssets": "None",
        "totalLiabilities": "161112000000",
        "totalCurrentLiabilities": "85771000000",
        "currentAccountsPayable": "10151000000",
        "deferredRevenue": "None",
        "currentDebt": "None",
        "shortTermDebt": "5377000000",
        "totalNonCurrentLiabilities": "75341000000",
        "capitalLeaseObligations": "None",
        "longTermDebt": "57042000000",
        "currentLongTermDebt": "5377000000",
        "longTermDebtNoncurrent": "None",
        "shortLongTermDebtTotal": "62419000000",
        "otherCurrentLiabilities": "18974000000",
        "otherNonCurrentLiabilities": "1722000000",
        "totalShareholderEquity": "-14440000000",
        "treasuryStock": "-52030000000",
        "retainedEarnings": "38551000000",
        "commonStock": "5061000000",
        "commonStockSharesOutstanding": "588600000"
      },
      {
        "fiscalDateEnding": "2021-06-30",
        "reportedCurrency": "USD",
        "totalAssets": "148935000000",
        "totalCurrentAssets": "119095000000",
        "cashAndCashEquivalentsAtCarryingValue": "8271000000",
        "cashAndShortTermInvestments": "8271000000",
        "inventory": "81799000000",
        "currentNetReceivables": "11767000000",
        "totalNonCurrentAssets": "29840000000",
        "propertyPlantEquipment": "11341000000",
        "accumulatedDepreciationAmortizationPPE": "20567000000",
        "intangibleAssets": "2702000000",
        "intangibleAssetsExcludingGoodwill": "2702000000",
        "goodwill": "8076000000",
        "investments": "None",
        "longTermInvestments": "883000000",
        "shortTermInvestments": "13071000000",
        "otherCurrentAssets": "4187000000",
        "otherNonCurrentAssets": "None",
        "totalLiabilities": "165420000000",
        "totalCurrentLiabilities": "88224000000",
        "currentAccountsPayable": "11450000000",
        "deferredRevenue": "None",
        "currentDebt": "None",
        "shortTermDebt": "6534000000",
        "totalNonCurrentLiabilities": "77196000000",
        "capitalLeaseObligations": "None",
        "longTermDebt": "57025000000",
        "currentLongTermDebt": "6534000000",
        "longTermDebtNoncurrent": "None",
        "shortLongTermDebtTotal": "63559000000",
        "otherCurrentLiabilities": "19502000000",
        "otherNonCurrentLiabilities": "1571000000",
        "totalShareholderEquity": "-16682000000",
        "treasuryStock": "-52223000000",
        "retainedEarnings": "38660000000",
        "commonStock": "5061000000",
        "commonStockSharesOutstanding": "590200000"
      },
      {
        "fiscalDateEnding": "2021-03-31",
        "reportedCurrency": "USD",
        "totalAssets": "150035000000",
        "totalCurrentAssets": "119945000000",
        "cashAndCashEquivalentsAtCarryingValue": "7059000000",
        "cashAndShortTermInvestments": "7059000000",
        "inventory": "82668000000",
        "currentNetReceivables": "11234000000",
        "totalNonCurrentAssets": "30090000000",
        "propertyPlantEquipment": "11643000000",
        "accumulatedDepreciationAmortizationPPE": "20792000000",
        "intangibleAssets": "2773000000",
        "intangibleAssetsExcludingGoodwill": "2773000000",
        "goodwill": "8074000000",
        "investments": "None",
        "longTermInvestments": "2875000000",
        "shortTermInvestments": "14861000000",
        "otherCurrentAssets": "4123000000",
        "otherNonCurrentAssets": "None",
        "totalLiabilities": "167876000000",
        "totalCurrentLiabilities": "89892000000",
        "currentAccountsPayable": "12410000000",
        "deferredRevenue": "None",
        "currentDebt": "None",
        "shortTermDebt": "6021000000",
        "totalNonCurrentLiabilities": "77984000000",
        "capitalLeaseObligations": "None",
        "longTermDebt": "57554000000",
        "currentLongTermDebt": "6021000000",
        "longTermDebtNoncurrent": "None",
        "shortLongTermDebtTotal": "63575000000",
        "otherCurrentLiabilities": "20553000000",
        "otherNonCurrentLiabilities": "19522000000",
        "totalShareholderEquity": "-18058000000",
        "treasuryStock": "-52395000000",
        "retainedEarnings": "38073000000",
        "commonStock": "5061000000",
        "commonStockSharesOutstanding": "585000000"
      },
      {
        "fiscalDateEnding": "2020-12-31",
        "reportedCurrency": "USD",
        "totalAssets": "152136000000",
        "totalCurrentAssets": "121642000000",
        "cashAndCashEquivalentsAtCarryingValue": "7752000000",
        "cashAndShortTermInvestments": "7752000000",
        "inventory": "81715000000",
        "currentNetReceivables": "10051000000",
        "totalNonCurrentAssets": "30494000000",
        "propertyPlantEquipment": "11820000000",
        "accumulatedDepreciationAmortizationPPE": "None",
        "intangibleAssets": "2843000000",
        "intangibleAssetsExcludingGoodwill": "2843000000",
        "goodwill": "8081000000",
        "investments": "None",
        "longTermInvestments": "2952000000",
        "shortTermInvestments": "17838000000",
        "otherCurrentAssets": "4286000000",
        "otherNonCurrentAssets": "None",
        "totalLiabilities": "170211000000",
        "totalCurrentLiabilities": "87280000000",
        "currentAccountsPayable": "12928000000",
        "deferredRevenue": "None",
        "currentDebt": "None",
        "shortTermDebt": "1961000000",
        "totalNonCurrentLiabilities": "82931000000",
        "capitalLeaseObligations": "471000000",
        "longTermDebt": "61890000000",
        "currentLongTermDebt": "1693000000",
        "longTermDebtNoncurrent": "None",
        "shortLongTermDebtTotal": "63851000000",
        "otherCurrentLiabilities": "21860000000",
        "otherNonCurrentLiabilities": "20031000000",
        "totalShareholderEquity": "-18316000000",
        "treasuryStock": "-52641000000",
        "retainedEarnings": "38610000000",
        "commonStock": "5061000000",
        "commonStockSharesOutstanding": "575400000"
      },
      {
        "fiscalDateEnding": "2020-09-30",
        "reportedCurrency": "USD",
        "totalAssets": "161261000000",
        "totalCurrentAssets": "131012000000",
        "cashAndCashEquivalentsAtCarryingValue": "10564000000",
        "cashAndShortTermInvestments": "10564000000",
        "inventory": "86961000000",
        "currentNetReceivables": "11722000000",
        "totalNonCurrentAssets": "30249000000",
        "propertyPlantEquipment": "11969000000",
        "accumulatedDepreciationAmortizationPPE": "20241000000",
        "intangibleAssets": "2941000000",
        "intangibleAssetsExcludingGoodwill": "2941000000",
        "goodwill": "8071000000",
        "investments": "None",
        "longTermInvestments": "3062000000",
        "shortTermInvestments": "16552000000",
        "otherCurrentAssets": "5213000000",
        "otherNonCurrentAssets": "None",
        "totalLiabilities": "172814000000",
        "totalCurrentLiabilities": "92307000000",
        "currentAccountsPayable": "14479000000",
        "deferredRevenue": "None",
        "currentDebt": "None",
        "shortTermDebt": "3634000000",
        "totalNonCurrentLiabilities": "80507000000",
        "capitalLeaseObligations": "None",
        "longTermDebt": "57325000000",
        "currentLongTermDebt": "3634000000",
        "longTermDebtNoncurrent": "None",
        "shortLongTermDebtTotal": "60959000000",
        "otherCurrentLiabilities": "22220000000",
        "otherNonCurrentLiabilities": "22679000000",
        "totalShareholderEquity": "-11821000000",
        "treasuryStock": "-54819000000",
        "retainedEarnings": "47029000000",
        "commonStock": "5061000000",
        "commonStockSharesOutstanding": "568354430"
      },
      {
        "fiscalDateEnding": "2020-06-30",
        "reportedCurrency": "USD",
        "totalAssets": "162872000000",
        "totalCurrentAssets": "130277000000",
        "cashAndCashEquivalentsAtCarryingValue": "19992000000",
        "cashAndShortTermInvestments": "19992000000",
        "inventory": "83745000000",
        "currentNetReceivables": "11478000000",
        "totalNonCurrentAssets": "32595000000",
        "propertyPlantEquipment": "12182000000",
        "accumulatedDepreciationAmortizationPPE": "None",
        "intangibleAssets": "3019000000",
        "intangibleAssetsExcludingGoodwill": "3019000000",
        "goodwill": "8064000000",
        "investments": "None",
        "longTermInvestments": "3120000000",
        "shortTermInvestments": "12438000000",
        "otherCurrentAssets": "2624000000",
        "otherNonCurrentAssets": "None",
        "totalLiabilities": "174254000000",
        "totalCurrentLiabilities": "92482000000",
        "currentAccountsPayable": "13700000000",
        "deferredRevenue": "None",
        "currentDebt": "None",
        "shortTermDebt": "2922000000",
        "totalNonCurrentLiabilities": "81772000000",
        "capitalLeaseObligations": "None",
        "longTermDebt": "58457000000",
        "currentLongTermDebt": "2922000000",
        "longTermDebtNoncurrent": "None",
        "shortLongTermDebtTotal": "61379000000",
        "otherCurrentLiabilities": "22493000000",
        "otherNonCurrentLiabilities": "22911000000",
        "totalShareholderEquity": "-11667000000",
        "treasuryStock": "-54829000000",
        "retainedEarnings": "47478000000",
        "commonStock": "5061000000",
        "commonStockSharesOutstanding": "566400000"
      },
      {
        "fiscalDateEnding": "2020-03-31",
        "reportedCurrency": "USD",
        "totalAssets": "143075000000",
        "totalCurrentAssets": "111011000000",
        "cashAndCashEquivalentsAtCarryingValue": "15039000000",
        "cashAndShortTermInvestments": "15039000000",
        "inventory": "80020000000",
        "currentNetReceivables": "12725000000",
        "totalNonCurrentAssets": "32064000000",
        "propertyPlantEquipment": "12405000000",
        "accumulatedDepreciationAmortizationPPE": "None",
        "intangibleAssets": "3256000000",
        "intangibleAssetsExcludingGoodwill": "3256000000",
        "goodwill": "8057000000",
        "investments": "None",
        "longTermInvestments": "3240000000",
        "shortTermInvestments": "488000000",
        "otherCurrentAssets": "2739000000",
        "otherNonCurrentAssets": "None",
        "totalLiabilities": "152435000000",
        "totalCurrentLiabilities": "94502000000",
        "currentAccountsPayable": "14963000000",
        "deferredRevenue": "None",
        "currentDebt": "None",
        "shortTermDebt": "5173000000",
        "totalNonCurrentLiabilities": "57933000000",
        "capitalLeaseObligations": "None",
        "longTermDebt": "33754000000",
        "currentLongTermDebt": "5173000000",
        "longTermDebtNoncurrent": "None",
        "shortLongTermDebtTotal": "38927000000",
        "otherCurrentLiabilities": "21483000000",
        "otherNonCurrentLiabilities": "23843000000",
        "totalShareholderEquity": "-9665000000",
        "treasuryStock": "-54842000000",
        "retainedEarnings": "49854000000",
        "commonStock": "5061000000",
        "commonStockSharesOutstanding": "565400000"
      },
      {
        "fiscalDateEnding": "2019-12-31",
        "reportedCurrency": "USD",
        "totalAssets": "133625000000",
        "totalCurrentAssets": "102229000000",
        "cashAndCashEquivalentsAtCarryingValue": "9485000000",
        "cashAndShortTermInvestments": "9485000000",
        "inventory": "76622000000",
        "currentNetReceivables": "12471000000",
        "totalNonCurrentAssets": "31396000000",
        "propertyPlantEquipment": "12502000000",
        "accumulatedDepreciationAmortizationPPE": "None",
        "intangibleAssets": "3338000000",
        "intangibleAssetsExcludingGoodwill": "3338000000",
        "goodwill": "8060000000",
        "investments": "None",
        "longTermInvestments": "3228000000",
        "shortTermInvestments": "545000000",
        "otherCurrentAssets": "3106000000",
        "otherNonCurrentAssets": "None",
        "totalLiabilities": "141925000000",
        "totalCurrentLiabilities": "97312000000",
        "currentAccountsPayable": "15553000000",
        "deferredRevenue": "None",
        "currentDebt": "None",
        "shortTermDebt": "7340000000",
        "totalNonCurrentLiabilities": "44613000000",
        "capitalLeaseObligations": "229000000",
        "longTermDebt": "19804000000",
        "currentLongTermDebt": "7269000000",
        "longTermDebtNoncurrent": "None",
        "shortLongTermDebtTotal": "27302000000",
        "otherCurrentLiabilities": "22868000000",
        "otherNonCurrentLiabilities": "24238000000",
        "totalShareholderEquity": "-8617000000",
        "treasuryStock": "-54914000000",
        "retainedEarnings": "50644000000",
        "commonStock": "5061000000",
        "commonStockSharesOutstanding": "565400000"
      },
      {
        "fiscalDateEnding": "2019-09-30",
        "reportedCurrency": "USD",
        "totalAssets": "132598000000",
        "totalCurrentAssets": "101656000000",
        "cashAndCashEquivalentsAtCarryingValue": "9763000000",
        "cashAndShortTermInvestments": "9763000000",
        "inventory": "73279000000",
        "currentNetReceivables": "14808000000",
        "totalNonCurrentAssets": "30942000000",
        "propertyPlantEquipment": "12527000000",
        "accumulatedDepreciationAmortizationPPE": "None",
        "intangibleAssets": "3587000000",
        "intangibleAssetsExcludingGoodwill": "3587000000",
        "goodwill": "8063000000",
        "investments": "None",
        "longTermInvestments": "3194000000",
        "shortTermInvestments": "1150000000",
        "otherCurrentAssets": "2656000000",
        "otherNonCurrentAssets": "None",
        "totalLiabilities": "136407000000",
        "totalCurrentLiabilities": "91846000000",
        "currentAccountsPayable": "15101000000",
        "deferredRevenue": "None",
        "currentDebt": "None",
        "shortTermDebt": "4354000000",
        "totalNonCurrentLiabilities": "44561000000",
        "capitalLeaseObligations": "None",
        "longTermDebt": "20298000000",
        "currentLongTermDebt": "4354000000",
        "longTermDebtNoncurrent": "None",
        "shortLongTermDebtTotal": "24652000000",
        "otherCurrentLiabilities": "19224000000",
        "otherNonCurrentLiabilities": "22648000000",
        "totalShareholderEquity": "-4116000000",
        "treasuryStock": "-54924000000",
        "retainedEarnings": "53986000000",
        "commonStock": "5061000000",
        "commonStockSharesOutstanding": "568600000"
      },
      {
        "fiscalDateEnding": "2019-06-30",
        "reportedCurrency": "USD",
        "totalAssets": "126261000000",
        "totalCurrentAssets": "95111000000",
        "cashAndCashEquivalentsAtCarryingValue": "9167000000",
        "cashAndShortTermInvestments": "9167000000",
        "inventory": "68492000000",
        "currentNetReceivables": "13709000000",
        "totalNonCurrentAssets": "31150000000",
        "propertyPlantEquipment": "12601000000",
        "accumulatedDepreciationAmortizationPPE": "None",
        "intangibleAssets": "3761000000",
        "intangibleAssetsExcludingGoodwill": "3761000000",
        "goodwill": "8051000000",
        "investments": "None",
        "longTermInvestments": "3281000000",
        "shortTermInvestments": "439000000",
        "otherCurrentAssets": "3304000000",
        "otherNonCurrentAssets": "None",
        "totalLiabilities": "131204000000",
        "totalCurrentLiabilities": "92189000000",
        "currentAccountsPayable": "15267000000",
        "deferredRevenue": "None",
        "currentDebt": "None",
        "shortTermDebt": "4357000000",
        "totalNonCurrentLiabilities": "39015000000",
        "capitalLeaseObligations": "None",
        "longTermDebt": "14859000000",
        "currentLongTermDebt": "4357000000",
        "longTermDebtNoncurrent": "None",
        "shortLongTermDebtTotal": "19216000000",
        "otherCurrentLiabilities": "20042000000",
        "otherNonCurrentLiabilities": "24156000000",
        "totalShareholderEquity": "-5322000000",
        "treasuryStock": "-54932000000",
        "retainedEarnings": "52819000000",
        "commonStock": "5061000000",
        "commonStockSharesOutstanding": "564700000"
      },
      {
        "fiscalDateEnding": "2019-03-31",
        "reportedCurrency": "USD",
        "totalAssets": "120209000000",
        "totalCurrentAssets": "89509000000",
        "cashAndCashEquivalentsAtCarryingValue": "6836000000",
        "cashAndShortTermInvestments": "6836000000",
        "inventory": "65369000000",
        "currentNetReceivables": "14217000000",
        "totalNonCurrentAssets": "30700000000",
        "propertyPlantEquipment": "12594000000",
        "accumulatedDepreciationAmortizationPPE": "None",
        "intangibleAssets": "3498000000",
        "intangibleAssetsExcludingGoodwill": "3498000000",
        "goodwill": "7967000000",
        "investments": "None",
        "longTermInvestments": "3419000000",
        "shortTermInvestments": "893000000",
        "otherCurrentAssets": "2194000000",
        "otherNonCurrentAssets": "None",
        "totalLiabilities": "119977000000",
        "totalCurrentLiabilities": "83615000000",
        "currentAccountsPayable": "14693000000",
        "deferredRevenue": "None",
        "currentDebt": "None",
        "shortTermDebt": "3381000000",
        "totalNonCurrentLiabilities": "36362000000",
        "capitalLeaseObligations": "None",
        "longTermDebt": "11363000000",
        "currentLongTermDebt": "3381000000",
        "longTermDebtNoncurrent": "None",
        "shortLongTermDebtTotal": "14744000000",
        "otherCurrentLiabilities": "13007000000",
        "otherNonCurrentLiabilities": "23343000000",
        "totalShareholderEquity": "125000000",
        "treasuryStock": "-54630000000",
        "retainedEarnings": "58090000000",
        "commonStock": "5061000000",
        "commonStockSharesOutstanding": "572400000"
      },
      {
        "fiscalDateEnding": "2018-12-31",
        "reportedCurrency": "USD",
        "totalAssets": "117359000000",
        "totalCurrentAssets": "87830000000",
        "cashAndCashEquivalentsAtCarryingValue": "7637000000",
        "cashAndShortTermInvestments": "7637000000",
        "inventory": "62567000000",
        "currentNetReceivables": "14364000000",
        "totalNonCurrentAssets": "29529000000",
        "propertyPlantEquipment": "12645000000",
        "accumulatedDepreciationAmortizationPPE": "None",
        "intangibleAssets": "3429000000",
        "intangibleAssetsExcludingGoodwill": "3429000000",
        "goodwill": "7840000000",
        "investments": "None",
        "longTermInvestments": "3505000000",
        "shortTermInvestments": "927000000",
        "otherCurrentAssets": "2335000000",
        "otherNonCurrentAssets": "None",
        "totalLiabilities": "116949000000",
        "totalCurrentLiabilities": "81590000000",
        "currentAccountsPayable": "12916000000",
        "deferredRevenue": "None",
        "currentDebt": "None",
        "shortTermDebt": "3190000000",
        "totalNonCurrentLiabilities": "35359000000",
        "capitalLeaseObligations": "None",
        "longTermDebt": "8670000000",
        "currentLongTermDebt": "2690000000",
        "longTermDebtNoncurrent": "None",
        "shortLongTermDebtTotal": "13847000000",
        "otherCurrentLiabilities": "14808000000",
        "otherNonCurrentLiabilities": "22966000000",
        "totalShareholderEquity": "339000000",
        "treasuryStock": "-52348000000",
        "retainedEarnings": "55941000000",
        "commonStock": "5061000000",
        "commonStockSharesOutstanding": "577500000"
      },
      {
        "fiscalDateEnding": "2018-09-30",
        "reportedCurrency": "USD",
        "totalAssets": "114659000000",
        "totalCurrentAssets": "87686000000",
        "cashAndCashEquivalentsAtCarryingValue": "8034000000",
        "cashAndShortTermInvestments": "8034000000",
        "inventory": "62038000000",
        "currentNetReceivables": "13260000000",
        "totalNonCurrentAssets": "26973000000",
        "propertyPlantEquipment": "12571000000",
        "accumulatedDepreciationAmortizationPPE": "None",
        "intangibleAssets": "2530000000",
        "intangibleAssetsExcludingGoodwill": "2530000000",
        "goodwill": "5722000000",
        "investments": "None",
        "longTermInvestments": "3975000000",
        "shortTermInvestments": "1956000000",
        "otherCurrentAssets": "2398000000",
        "otherNonCurrentAssets": "None",
        "totalLiabilities": "115868000000",
        "totalCurrentLiabilities": "79417000000",
        "currentAccountsPayable": "13663000000",
        "deferredRevenue": "None",
        "currentDebt": "None",
        "shortTermDebt": "1389000000",
        "totalNonCurrentLiabilities": "36451000000",
        "capitalLeaseObligations": "None",
        "longTermDebt": "7987000000",
        "currentLongTermDebt": "1389000000",
        "longTermDebtNoncurrent": "None",
        "shortLongTermDebtTotal": "11876000000",
        "otherCurrentLiabilities": "12869000000",
        "otherNonCurrentLiabilities": "24226000000",
        "totalShareholderEquity": "-1289000000",
        "treasuryStock": "-51781000000",
        "retainedEarnings": "54666000000",
        "commonStock": "5061000000",
        "commonStockSharesOutstanding": "580200000"
      },
      {
        "fiscalDateEnding": "2018-06-30",
        "reportedCurrency": "USD",
        "totalAssets": "113195000000",
        "totalCurrentAssets": "86401000000",
        "cashAndCashEquivalentsAtCarryingValue": "8121000000",
        "cashAndShortTermInvestments": "8121000000",
        "inventory": "61250000000",
        "currentNetReceivables": "12985000000",
        "totalNonCurrentAssets": "26794000000",
        "propertyPlantEquipment": "12605000000",
        "accumulatedDepreciationAmortizationPPE": "None",
        "intangibleAssets": "2494000000",
        "intangibleAssetsExcludingGoodwill": "2494000000",
        "goodwill": "5550000000",
        "investments": "None",
        "longTermInvestments": "4020000000",
        "shortTermInvestments": "1649000000",
        "otherCurrentAssets": "2396000000",
        "otherNonCurrentAssets": "None",
        "totalLiabilities": "114569000000",
        "totalCurrentLiabilities": "77725000000",
        "currentAccountsPayable": "12904000000",
        "deferredRevenue": "None",
        "currentDebt": "None",
        "shortTermDebt": "1611000000",
        "totalNonCurrentLiabilities": "36844000000",
        "capitalLeaseObligations": "None",
        "longTermDebt": "8507000000",
        "currentLongTermDebt": "1111000000",
        "longTermDebtNoncurrent": "None",
        "shortLongTermDebtTotal": "12118000000",
        "otherCurrentLiabilities": "12240000000",
        "otherNonCurrentLiabilities": "24437000000",
        "totalShareholderEquity": "-1441000000",
        "treasuryStock": "-49342000000",
        "retainedEarnings": "52303000000",
        "commonStock": "5061000000",
        "commonStockSharesOutstanding": "588000000"
      },
      {
        "fiscalDateEnding": "2018-03-31",
        "reportedCurrency": "USD",
        "totalAssets": "113549000000",
        "totalCurrentAssets": "86543000000",
        "cashAndCashEquivalentsAtCarryingValue": "9235000000",
        "cashAndShortTermInvestments": "9235000000",
        "inventory": "61303000000",
        "currentNetReceivables": "12868000000",
        "totalNonCurrentAssets": "27006000000",
        "propertyPlantEquipment": "12628000000",
        "accumulatedDepreciationAmortizationPPE": "None",
        "intangibleAssets": "2525000000",
        "intangibleAssetsExcludingGoodwill": "2525000000",
        "goodwill": "5558000000",
        "investments": "None",
        "longTermInvestments": "4001000000",
        "shortTermInvestments": "656000000",
        "otherCurrentAssets": "2481000000",
        "otherNonCurrentAssets": "None",
        "totalLiabilities": "112251000000",
        "totalCurrentLiabilities": "75532000000",
        "currentAccountsPayable": "12613000000",
        "deferredRevenue": "None",
        "currentDebt": "None",
        "shortTermDebt": "1981000000",
        "totalNonCurrentLiabilities": "36719000000",
        "capitalLeaseObligations": "None",
        "longTermDebt": "10471000000",
        "currentLongTermDebt": "1081000000",
        "longTermDebtNoncurrent": "None",
        "shortLongTermDebtTotal": "12452000000",
        "otherCurrentLiabilities": "10983000000",
        "otherNonCurrentLiabilities": "24247000000",
        "totalShareholderEquity": "1222000000",
        "treasuryStock": "-46396000000",
        "retainedEarnings": "52095000000",
        "commonStock": "5061000000",
        "commonStockSharesOutstanding": "597200000"
      },
      {
        "fiscalDateEnding": "2017-12-31",
        "reportedCurrency": "USD",
        "totalAssets": "92333000000",
        "totalCurrentAssets": "65161000000",
        "cashAndCashEquivalentsAtCarryingValue": "8813000000",
        "cashAndShortTermInvestments": "8813000000",
        "inventory": "44344000000",
        "currentNetReceivables": "10825000000",
        "totalNonCurrentAssets": "27172000000",
        "propertyPlantEquipment": "12672000000",
        "accumulatedDepreciationAmortizationPPE": "None",
        "intangibleAssets": "2573000000",
        "intangibleAssetsExcludingGoodwill": "2573000000",
        "goodwill": "5559000000",
        "investments": "None",
        "longTermInvestments": "4000000000",
        "shortTermInvestments": "1179000000",
        "otherCurrentAssets": "309000000",
        "otherNonCurrentAssets": "None",
        "totalLiabilities": "91921000000",
        "totalCurrentLiabilities": "56269000000",
        "currentAccountsPayable": "12202000000",
        "deferredRevenue": "None",
        "currentDebt": "None",
        "shortTermDebt": "1335000000",
        "totalNonCurrentLiabilities": "35652000000",
        "capitalLeaseObligations": "None",
        "longTermDebt": "9782000000",
        "currentLongTermDebt": "435000000",
        "longTermDebtNoncurrent": "None",
        "shortLongTermDebtTotal": "11117000000",
        "otherCurrentLiabilities": "15292000000",
        "otherNonCurrentLiabilities": "24031000000",
        "totalShareholderEquity": "355000000",
        "treasuryStock": "-43454000000",
        "retainedEarnings": "45320000000",
        "commonStock": "5061000000",
        "commonStockSharesOutstanding": "605100000"
      },
      {
        "fiscalDateEnding": "2017-09-30",
        "reportedCurrency": "USD",
        "totalAssets": "91007000000",
        "totalCurrentAssets": "64142000000",
        "cashAndCashEquivalentsAtCarryingValue": "8569000000",
        "cashAndShortTermInvestments": "8569000000",
        "inventory": "43031000000",
        "currentNetReceivables": "11079000000",
        "totalNonCurrentAssets": "26865000000",
        "propertyPlantEquipment": "12712000000",
        "accumulatedDepreciationAmortizationPPE": "None",
        "intangibleAssets": "2523000000",
        "intangibleAssetsExcludingGoodwill": "2523000000",
        "goodwill": "5344000000",
        "investments": "None",
        "longTermInvestments": "4309000000",
        "shortTermInvestments": "1463000000",
        "otherCurrentAssets": "435000000",
        "otherNonCurrentAssets": "None",
        "totalLiabilities": "89862000000",
        "totalCurrentLiabilities": "54409000000",
        "currentAccountsPayable": "12718000000",
        "deferredRevenue": "None",
        "currentDebt": "None",
        "shortTermDebt": "988000000",
        "totalNonCurrentLiabilities": "35453000000",
        "capitalLeaseObligations": "None",
        "longTermDebt": "9780000000",
        "currentLongTermDebt": "988000000",
        "longTermDebtNoncurrent": "None",
        "shortLongTermDebtTotal": "10768000000",
        "otherCurrentLiabilities": "14008000000",
        "otherNonCurrentLiabilities": "22789000000",
        "totalShareholderEquity": "1086000000",
        "treasuryStock": "-41745000000",
        "retainedEarnings": "44052000000",
        "commonStock": "5061000000",
        "commonStockSharesOutstanding": "605600000"
      },
      {
        "fiscalDateEnding": "2017-06-30",
        "reportedCurrency": "USD",
        "totalAssets": "90036000000",
        "totalCurrentAssets": "62831000000",
        "cashAndCashEquivalentsAtCarryingValue": "8737000000",
        "cashAndShortTermInvestments": "8737000000",
        "inventory": "42453000000",
        "currentNetReceivables": "10052000000",
        "totalNonCurrentAssets": "27205000000",
        "propertyPlantEquipment": "12820000000",
        "accumulatedDepreciationAmortizationPPE": "None",
        "intangibleAssets": "2567000000",
        "intangibleAssetsExcludingGoodwill": "2567000000",
        "goodwill": "5347000000",
        "investments": "None",
        "longTermInvestments": "4676000000",
        "shortTermInvestments": "1589000000",
        "otherCurrentAssets": "549000000",
        "otherNonCurrentAssets": "None",
        "totalLiabilities": "92014000000",
        "totalCurrentLiabilities": "52909000000",
        "currentAccountsPayable": "12093000000",
        "deferredRevenue": "None",
        "currentDebt": "None",
        "shortTermDebt": "720000000",
        "totalNonCurrentLiabilities": "39105000000",
        "capitalLeaseObligations": "None",
        "longTermDebt": "10055000000",
        "currentLongTermDebt": "10775000000",
        "longTermDebtNoncurrent": "None",
        "shortLongTermDebtTotal": "10775000000",
        "otherCurrentLiabilities": "14294000000",
        "otherNonCurrentLiabilities": "27635000000",
        "totalShareholderEquity": "-2037000000",
        "treasuryStock": "-40730000000",
        "retainedEarnings": "42222000000",
        "commonStock": "5061000000",
        "commonStockSharesOutstanding": "609600000"
      },
      {
        "fiscalDateEnding": "2017-03-31",
        "reportedCurrency": "USD",
        "totalAssets": "89673000000",
        "totalCurrentAssets": "62367000000",
        "cashAndCashEquivalentsAtCarryingValue": "8190000000",
        "cashAndShortTermInvestments": "8190000000",
        "inventory": "43247000000",
        "currentNetReceivables": "9915000000",
        "totalNonCurrentAssets": "27306000000",
        "propertyPlantEquipment": "12842000000",
        "accumulatedDepreciationAmortizationPPE": "None",
        "intangibleAssets": "2496000000",
        "intangibleAssetsExcludingGoodwill": "2496000000",
        "goodwill": "5342000000",
        "investments": "None",
        "longTermInvestments": "4846000000",
        "shortTermInvestments": "1015000000",
        "otherCurrentAssets": "580000000",
        "otherNonCurrentAssets": "None",
        "totalLiabilities": "89518000000",
        "totalCurrentLiabilities": "49781000000",
        "currentAccountsPayable": "11964000000",
        "deferredRevenue": "None",
        "currentDebt": "None",
        "shortTermDebt": "367000000",
        "totalNonCurrentLiabilities": "39737000000",
        "capitalLeaseObligations": "None",
        "longTermDebt": "10432000000",
        "currentLongTermDebt": "10799000000",
        "longTermDebtNoncurrent": "None",
        "shortLongTermDebtTotal": "10799000000",
        "otherCurrentLiabilities": "13332000000",
        "otherNonCurrentLiabilities": "27966000000",
        "totalShareholderEquity": "95000000",
        "treasuryStock": "-38320000000",
        "retainedEarnings": "42165000000",
        "commonStock": "5061000000",
        "commonStockSharesOutstanding": "620400000"
      },
      {
        "fiscalDateEnding": "2016-12-31",
        "reportedCurrency": "USD",
        "totalAssets": "89997000000",
        "totalCurrentAssets": "62488000000",
        "cashAndCashEquivalentsAtCarryingValue": "8801000000",
        "cashAndShortTermInvestments": "8801000000",
        "inventory": "43199000000",
        "currentNetReceivables": "9260000000",
        "totalNonCurrentAssets": "27509000000",
        "propertyPlantEquipment": "12807000000",
        "accumulatedDepreciationAmortizationPPE": "None",
        "intangibleAssets": "2540000000",
        "intangibleAssetsExcludingGoodwill": "2540000000",
        "goodwill": "5324000000",
        "investments": "None",
        "longTermInvestments": "5090000000",
        "shortTermInvestments": "1228000000",
        "otherCurrentAssets": "995000000",
        "otherNonCurrentAssets": "None",
        "totalLiabilities": "89120000000",
        "totalCurrentLiabilities": "50134000000",
        "currentAccountsPayable": "11190000000",
        "deferredRevenue": "None",
        "currentDebt": "None",
        "shortTermDebt": "384000000",
        "totalNonCurrentLiabilities": "38986000000",
        "capitalLeaseObligations": "None",
        "longTermDebt": "9568000000",
        "currentLongTermDebt": "284000000",
        "longTermDebtNoncurrent": "None",
        "shortLongTermDebtTotal": "9952000000",
        "otherCurrentLiabilities": "14691000000",
        "otherNonCurrentLiabilities": "28080000000",
        "totalShareholderEquity": "817000000",
        "treasuryStock": "-36097000000",
        "retainedEarnings": "40714000000",
        "commonStock": "5061000000",
        "commonStockSharesOutstanding": "630300000"
      },
      {
        "fiscalDateEnding": "2016-09-30",
        "reportedCurrency": "USD",
        "totalAssets": "88950000000",
        "totalCurrentAssets": "62237000000",
        "cashAndCashEquivalentsAtCarryingValue": "8986000000",
        "cashAndShortTermInvestments": "8986000000",
        "inventory": "42680000000",
        "currentNetReceivables": "9889000000",
        "totalNonCurrentAssets": "26713000000",
        "propertyPlantEquipment": "12713000000",
        "accumulatedDepreciationAmortizationPPE": "None",
        "intangibleAssets": "2488000000",
        "intangibleAssetsExcludingGoodwill": "2488000000",
        "goodwill": "5128000000",
        "investments": "None",
        "longTermInvestments": "4704000000",
        "shortTermInvestments": "682000000",
        "otherCurrentAssets": "365000000",
        "otherNonCurrentAssets": "None",
        "totalLiabilities": "86800000000",
        "totalCurrentLiabilities": "48489000000",
        "currentAccountsPayable": "11968000000",
        "deferredRevenue": "None",
        "currentDebt": "None",
        "shortTermDebt": "632000000",
        "totalNonCurrentLiabilities": "38311000000",
        "capitalLeaseObligations": "None",
        "longTermDebt": "9824000000",
        "currentLongTermDebt": "10456000000",
        "longTermDebtNoncurrent": "None",
        "shortLongTermDebtTotal": "10456000000",
        "otherCurrentLiabilities": "13243000000",
        "otherNonCurrentLiabilities": "26276000000",
        "totalShareholderEquity": "2089000000",
        "treasuryStock": "-35763000000",
        "retainedEarnings": "40641000000",
        "commonStock": "5061000000",
        "commonStockSharesOutstanding": "632700000"
      },
      {
        "fiscalDateEnding": "2016-06-30",
        "reportedCurrency": "USD",
        "totalAssets": "89609000000",
        "totalCurrentAssets": "63507000000",
        "cashAndCashEquivalentsAtCarryingValue": "8605000000",
        "cashAndShortTermInvestments": "8605000000",
        "inventory": "44182000000",
        "currentNetReceivables": "10060000000",
        "totalNonCurrentAssets": "26102000000",
        "propertyPlantEquipment": "12533000000",
        "accumulatedDepreciationAmortizationPPE": "None",
        "intangibleAssets": "2544000000",
        "intangibleAssetsExcludingGoodwill": "2544000000",
        "goodwill": "5128000000",
        "investments": "None",
        "longTermInvestments": "4221000000",
        "shortTermInvestments": "660000000",
        "otherCurrentAssets": "251000000",
        "otherNonCurrentAssets": "None",
        "totalLiabilities": "88962000000",
        "totalCurrentLiabilities": "49859000000",
        "currentAccountsPayable": "11748000000",
        "deferredRevenue": "None",
        "currentDebt": "None",
        "shortTermDebt": "1168000000",
        "totalNonCurrentLiabilities": "39103000000",
        "capitalLeaseObligations": "None",
        "longTermDebt": "9847000000",
        "currentLongTermDebt": "11015000000",
        "longTermDebtNoncurrent": "None",
        "shortLongTermDebtTotal": "11015000000",
        "otherCurrentLiabilities": "36943000000",
        "otherNonCurrentLiabilities": "26834000000",
        "totalShareholderEquity": "585000000",
        "treasuryStock": "-34821000000",
        "retainedEarnings": "38362000000",
        "commonStock": "5061000000",
        "commonStockSharesOutstanding": "635300000"
      },
      {
        "fiscalDateEnding": "2016-03-31",
        "reportedCurrency": "USD",
        "totalAssets": "91547000000",
        "totalCurrentAssets": "65587000000",
        "cashAndCashEquivalentsAtCarryingValue": "7886000000",
        "cashAndShortTermInvestments": "7886000000",
        "inventory": "47266000000",
        "currentNetReceivables": "9969000000",
        "totalNonCurrentAssets": "25960000000",
        "propertyPlantEquipment": "12269000000",
        "accumulatedDepreciationAmortizationPPE": "None",
        "intangibleAssets": "2594000000",
        "intangibleAssetsExcludingGoodwill": "2594000000",
        "goodwill": "5132000000",
        "investments": "None",
        "longTermInvestments": "4277000000",
        "shortTermInvestments": "466000000",
        "otherCurrentAssets": "258000000",
        "otherNonCurrentAssets": "None",
        "totalLiabilities": "87441000000",
        "totalCurrentLiabilities": "49517000000",
        "currentAccountsPayable": "11558000000",
        "deferredRevenue": "None",
        "currentDebt": "None",
        "shortTermDebt": "1243000000",
        "totalNonCurrentLiabilities": "37924000000",
        "capitalLeaseObligations": "None",
        "longTermDebt": "8721000000",
        "currentLongTermDebt": "None",
        "longTermDebtNoncurrent": "None",
        "shortLongTermDebtTotal": "9964000000",
        "otherCurrentLiabilities": "12790000000",
        "otherNonCurrentLiabilities": "26906000000",
        "totalShareholderEquity": "4043000000",
        "treasuryStock": "-32939000000",
        "retainedEarnings": "39975000000",
        "commonStock": "5061000000",
        "commonStockSharesOutstanding": "664800000"
      },
      {
        "fiscalDateEnding": "2015-12-31",
        "reportedCurrency": "USD",
        "totalAssets": "94408000000",
        "totalCurrentAssets": "68234000000",
        "cashAndCashEquivalentsAtCarryingValue": "11302000000",
        "cashAndShortTermInvestments": "11302000000",
        "inventory": "47257000000",
        "currentNetReceivables": "8925000000",
        "totalNonCurrentAssets": "26174000000",
        "propertyPlantEquipment": "12076000000",
        "accumulatedDepreciationAmortizationPPE": "None",
        "intangibleAssets": "2657000000",
        "intangibleAssetsExcludingGoodwill": "2657000000",
        "goodwill": "5126000000",
        "investments": "None",
        "longTermInvestments": "4642000000",
        "shortTermInvestments": "750000000",
        "otherCurrentAssets": "212000000",
        "otherNonCurrentAssets": "None",
        "totalLiabilities": "88011000000",
        "totalCurrentLiabilities": "50412000000",
        "currentAccountsPayable": "10800000000",
        "deferredRevenue": "None",
        "currentDebt": "None",
        "shortTermDebt": "1234000000",
        "totalNonCurrentLiabilities": "37599000000",
        "capitalLeaseObligations": "None",
        "longTermDebt": "8730000000",
        "currentLongTermDebt": "734000000",
        "longTermDebtNoncurrent": "None",
        "shortLongTermDebtTotal": "9964000000",
        "otherCurrentLiabilities": "14014000000",
        "otherNonCurrentLiabilities": "26477000000",
        "totalShareholderEquity": "6335000000",
        "treasuryStock": "-29568000000",
        "retainedEarnings": "38756000000",
        "commonStock": "5061000000",
        "commonStockSharesOutstanding": "681200000"
      },
      {
        "fiscalDateEnding": "2015-09-30",
        "reportedCurrency": "USD",
        "totalAssets": "98998000000",
        "totalCurrentAssets": "67576000000",
        "cashAndCashEquivalentsAtCarryingValue": "9383000000",
        "cashAndShortTermInvestments": "9383000000",
        "inventory": "48624000000",
        "currentNetReceivables": "9081000000",
        "totalNonCurrentAssets": "31422000000",
        "propertyPlantEquipment": "11614000000",
        "accumulatedDepreciationAmortizationPPE": "None",
        "intangibleAssets": "2706000000",
        "intangibleAssetsExcludingGoodwill": "2706000000",
        "goodwill": "5122000000",
        "investments": "None",
        "longTermInvestments": "4508000000",
        "shortTermInvestments": "474000000",
        "otherCurrentAssets": "241000000",
        "otherNonCurrentAssets": "None",
        "totalLiabilities": "92212000000",
        "totalCurrentLiabilities": "57808000000",
        "currentAccountsPayable": "11777000000",
        "deferredRevenue": "None",
        "currentDebt": "None",
        "shortTermDebt": "614000000",
        "totalNonCurrentLiabilities": "34404000000",
        "capitalLeaseObligations": "None",
        "longTermDebt": "8402000000",
        "currentLongTermDebt": "None",
        "longTermDebtNoncurrent": "None",
        "shortLongTermDebtTotal": "9016000000",
        "otherCurrentLiabilities": "12770000000",
        "otherNonCurrentLiabilities": "26002000000",
        "totalShareholderEquity": "6740000000",
        "treasuryStock": "-28898000000",
        "retainedEarnings": "39069000000",
        "commonStock": "5061000000",
        "commonStockSharesOutstanding": "687800000"
      },
      {
        "fiscalDateEnding": "2015-06-30",
        "reportedCurrency": "USD",
        "totalAssets": "98102000000",
        "totalCurrentAssets": "66806000000",
        "cashAndCashEquivalentsAtCarryingValue": "9157000000",
        "cashAndShortTermInvestments": "9157000000",
        "inventory": "49028000000",
        "currentNetReceivables": "8136000000",
        "totalNonCurrentAssets": "31296000000",
        "propertyPlantEquipment": "11338000000",
        "accumulatedDepreciationAmortizationPPE": "None",
        "intangibleAssets": "2763000000",
        "intangibleAssetsExcludingGoodwill": "2763000000",
        "goodwill": "5126000000",
        "investments": "None",
        "longTermInvestments": "4431000000",
        "shortTermInvestments": "468000000",
        "otherCurrentAssets": "226000000",
        "otherNonCurrentAssets": "None",
        "totalLiabilities": "91795000000",
        "totalCurrentLiabilities": "57136000000",
        "currentAccountsPayable": "11531000000",
        "deferredRevenue": "None",
        "currentDebt": "None",
        "shortTermDebt": "112000000",
        "totalNonCurrentLiabilities": "34659000000",
        "capitalLeaseObligations": "None",
        "longTermDebt": "8904000000",
        "currentLongTermDebt": "None",
        "longTermDebtNoncurrent": "None",
        "shortLongTermDebtTotal": "9016000000",
        "otherCurrentLiabilities": "13226000000",
        "otherNonCurrentLiabilities": "25755000000",
        "totalShareholderEquity": "6264000000",
        "treasuryStock": "-27463000000",
        "retainedEarnings": "37365000000",
        "commonStock": "5061000000",
        "commonStockSharesOutstanding": "697800000"
      },
      {
        "fiscalDateEnding": "2015-03-31",
        "reportedCurrency": "USD",
        "totalAssets": "97775000000",
        "totalCurrentAssets": "66421000000",
        "cashAndCashEquivalentsAtCarryingValue": "8655000000",
        "cashAndShortTermInvestments": "8655000000",
        "inventory": "48502000000",
        "currentNetReceivables": "8271000000",
        "totalNonCurrentAssets": "31354000000",
        "propertyPlantEquipment": "11172000000",
        "accumulatedDepreciationAmortizationPPE": "None",
        "intangibleAssets": "2809000000",
        "intangibleAssetsExcludingGoodwill": "2809000000",
        "goodwill": "5105000000",
        "investments": "None",
        "longTermInvestments": "4455000000",
        "shortTermInvestments": "976000000",
        "otherCurrentAssets": "201000000",
        "otherNonCurrentAssets": "None",
        "totalLiabilities": "89745000000",
        "totalCurrentLiabilities": "55256000000",
        "currentAccountsPayable": "11497000000",
        "deferredRevenue": "None",
        "currentDebt": "None",
        "shortTermDebt": "133000000",
        "totalNonCurrentLiabilities": "34489000000",
        "capitalLeaseObligations": "None",
        "longTermDebt": "8905000000",
        "currentLongTermDebt": "None",
        "longTermDebtNoncurrent": "None",
        "shortLongTermDebtTotal": "9038000000",
        "otherCurrentLiabilities": "11958000000",
        "otherNonCurrentLiabilities": "25584000000",
        "totalShareholderEquity": "7906000000",
        "treasuryStock": "-25513000000",
        "retainedEarnings": "37516000000",
        "commonStock": "5061000000",
        "commonStockSharesOutstanding": "713100000"
      },
      {
        "fiscalDateEnding": "2014-12-31",
        "reportedCurrency": "USD",
        "totalAssets": "99198000000",
        "totalCurrentAssets": "67785000000",
        "cashAndCashEquivalentsAtCarryingValue": "11733000000",
        "cashAndShortTermInvestments": "11733000000",
        "inventory": "46756000000",
        "currentNetReceivables": "7919000000",
        "totalNonCurrentAssets": "31413000000",
        "propertyPlantEquipment": "11007000000",
        "accumulatedDepreciationAmortizationPPE": "None",
        "intangibleAssets": "2869000000",
        "intangibleAssetsExcludingGoodwill": "2869000000",
        "goodwill": "5119000000",
        "investments": "None",
        "longTermInvestments": "4525000000",
        "shortTermInvestments": "1359000000",
        "otherCurrentAssets": "18000000",
        "otherNonCurrentAssets": "None",
        "totalLiabilities": "90408000000",
        "totalCurrentLiabilities": "56717000000",
        "currentAccountsPayable": "10667000000",
        "deferredRevenue": "None",
        "currentDebt": "None",
        "shortTermDebt": "929000000",
        "totalNonCurrentLiabilities": "33691000000",
        "capitalLeaseObligations": "None",
        "longTermDebt": "8141000000",
        "currentLongTermDebt": "829000000",
        "longTermDebtNoncurrent": "None",
        "shortLongTermDebtTotal": "9070000000",
        "otherCurrentLiabilities": "21946000000",
        "otherNonCurrentLiabilities": "25550000000",
        "totalShareholderEquity": "8665000000",
        "treasuryStock": "-23298000000",
        "retainedEarnings": "36180000000",
        "commonStock": "5061000000",
        "commonStockSharesOutstanding": "724800000"
      },
      {
        "fiscalDateEnding": "2014-09-30",
        "reportedCurrency": "USD",
        "totalAssets": "92653000000",
        "totalCurrentAssets": "65218000000",
        "cashAndCashEquivalentsAtCarryingValue": "6655000000",
        "cashAndShortTermInvestments": "6655000000",
        "inventory": "47058000000",
        "currentNetReceivables": "8056000000",
        "totalNonCurrentAssets": "27435000000",
        "propertyPlantEquipment": "10707000000",
        "accumulatedDepreciationAmortizationPPE": "None",
        "intangibleAssets": "2954000000",
        "intangibleAssetsExcludingGoodwill": "2954000000",
        "goodwill": "5131000000",
        "investments": "None",
        "longTermInvestments": "4550000000",
        "shortTermInvestments": "3422000000",
        "otherCurrentAssets": "284000000",
        "otherNonCurrentAssets": "None",
        "totalLiabilities": "78016000000",
        "totalCurrentLiabilities": "53204000000",
        "currentAccountsPayable": "11136000000",
        "deferredRevenue": "None",
        "currentDebt": "None",
        "shortTermDebt": "1579000000",
        "totalNonCurrentLiabilities": "24812000000",
        "capitalLeaseObligations": "None",
        "longTermDebt": "7301000000",
        "currentLongTermDebt": "None",
        "longTermDebtNoncurrent": "None",
        "shortLongTermDebtTotal": "8880000000",
        "otherCurrentLiabilities": "12677000000",
        "otherNonCurrentLiabilities": "17511000000",
        "totalShareholderEquity": "14511000000",
        "treasuryStock": "-22349000000",
        "retainedEarnings": "35880000000",
        "commonStock": "5061000000",
        "commonStockSharesOutstanding": "730600000"
      },
      {
        "fiscalDateEnding": "2014-06-30",
        "reportedCurrency": "USD",
        "totalAssets": "92737000000",
        "totalCurrentAssets": "65527000000",
        "cashAndCashEquivalentsAtCarryingValue": "7533000000",
        "cashAndShortTermInvestments": "7533000000",
        "inventory": "46251000000",
        "currentNetReceivables": "7931000000",
        "totalNonCurrentAssets": "27210000000",
        "propertyPlantEquipment": "10449000000",
        "accumulatedDepreciationAmortizationPPE": "None",
        "intangibleAssets": "3004000000",
        "intangibleAssetsExcludingGoodwill": "3004000000",
        "goodwill": "5139000000",
        "investments": "None",
        "longTermInvestments": "4376000000",
        "shortTermInvestments": "3797000000",
        "otherCurrentAssets": "252000000",
        "otherNonCurrentAssets": "None",
        "totalLiabilities": "78553000000",
        "totalCurrentLiabilities": "53339000000",
        "currentAccountsPayable": "11060000000",
        "deferredRevenue": "None",
        "currentDebt": "None",
        "shortTermDebt": "1591000000",
        "totalNonCurrentLiabilities": "25214000000",
        "capitalLeaseObligations": "None",
        "longTermDebt": "7292000000",
        "currentLongTermDebt": "None",
        "longTermDebtNoncurrent": "None",
        "shortLongTermDebtTotal": "8883000000",
        "otherCurrentLiabilities": "13222000000",
        "otherNonCurrentLiabilities": "17922000000",
        "totalShareholderEquity": "14061000000",
        "treasuryStock": "-21381000000",
        "retainedEarnings": "34516000000",
        "commonStock": "5061000000",
        "commonStockSharesOutstanding": "738800000"
      },
      {
        "fiscalDateEnding": "2014-03-31",
        "reportedCurrency": "USD",
        "totalAssets": "91575000000",
        "totalCurrentAssets": "64777000000",
        "cashAndCashEquivalentsAtCarryingValue": "6942000000",
        "cashAndShortTermInvestments": "6942000000",
        "inventory": "44941000000",
        "currentNetReceivables": "7597000000",
        "totalNonCurrentAssets": "26798000000",
        "propertyPlantEquipment": "10263000000",
        "accumulatedDepreciationAmortizationPPE": "None",
        "intangibleAssets": "2996000000",
        "intangibleAssetsExcludingGoodwill": "2996000000",
        "goodwill": "5046000000",
        "investments": "None",
        "longTermInvestments": "4488000000",
        "shortTermInvestments": "5282000000",
        "otherCurrentAssets": "271000000",
        "otherNonCurrentAssets": "None",
        "totalLiabilities": "76942000000",
        "totalCurrentLiabilities": "52502000000",
        "currentAccountsPayable": "10779000000",
        "deferredRevenue": "None",
        "currentDebt": "None",
        "shortTermDebt": "1660000000",
        "totalNonCurrentLiabilities": "24440000000",
        "capitalLeaseObligations": "None",
        "longTermDebt": "7275000000",
        "currentLongTermDebt": "None",
        "longTermDebtNoncurrent": "None",
        "shortLongTermDebtTotal": "8935000000",
        "otherCurrentLiabilities": "12219000000",
        "otherNonCurrentLiabilities": "17165000000",
        "totalShareholderEquity": "14520000000",
        "treasuryStock": "-20028000000",
        "retainedEarnings": "33929000000",
        "commonStock": "5061000000",
        "commonStockSharesOutstanding": "752500000"
      },
      {
        "fiscalDateEnding": "2013-12-31",
        "reportedCurrency": "USD",
        "totalAssets": "92663000000",
        "totalCurrentAssets": "65074000000",
        "cashAndCashEquivalentsAtCarryingValue": "9088000000",
        "cashAndShortTermInvestments": "9088000000",
        "inventory": "42912000000",
        "currentNetReceivables": "6890000000",
        "totalNonCurrentAssets": "27589000000",
        "propertyPlantEquipment": "10224000000",
        "accumulatedDepreciationAmortizationPPE": "None",
        "intangibleAssets": "3052000000",
        "intangibleAssetsExcludingGoodwill": "3052000000",
        "goodwill": "5043000000",
        "investments": "None",
        "longTermInvestments": "4831000000",
        "shortTermInvestments": "6170000000",
        "otherCurrentAssets": "14000000",
        "otherNonCurrentAssets": "None",
        "totalLiabilities": "77666000000",
        "totalCurrentLiabilities": "51486000000",
        "currentAccountsPayable": "9498000000",
        "deferredRevenue": "None",
        "currentDebt": "None",
        "shortTermDebt": "1563000000",
        "totalNonCurrentLiabilities": "26180000000",
        "capitalLeaseObligations": "None",
        "longTermDebt": "8072000000",
        "currentLongTermDebt": "9635000000",
        "longTermDebtNoncurrent": "None",
        "shortLongTermDebtTotal": "9635000000",
        "otherCurrentLiabilities": "20398000000",
        "otherNonCurrentLiabilities": "18108000000",
        "totalShareholderEquity": "14875000000",
        "treasuryStock": "-17671000000",
        "retainedEarnings": "32964000000",
        "commonStock": "5061000000",
        "commonStockSharesOutstanding": "768400000"
      },
      {
        "fiscalDateEnding": "2013-09-30",
        "reportedCurrency": "USD",
        "totalAssets": "94633000000",
        "totalCurrentAssets": "64162000000",
        "cashAndCashEquivalentsAtCarryingValue": "10041000000",
        "cashAndShortTermInvestments": "10041000000",
        "inventory": "41240000000",
        "currentNetReceivables": "6968000000",
        "totalNonCurrentAssets": "30471000000",
        "propertyPlantEquipment": "9987000000",
        "accumulatedDepreciationAmortizationPPE": "None",
        "intangibleAssets": "2962000000",
        "intangibleAssetsExcludingGoodwill": "2962000000",
        "goodwill": "5047000000",
        "investments": "None",
        "longTermInvestments": "5071000000",
        "shortTermInvestments": "5870000000",
        "otherCurrentAssets": "359000000",
        "otherNonCurrentAssets": "None",
        "totalLiabilities": "85566000000",
        "totalCurrentLiabilities": "49680000000",
        "currentAccountsPayable": "10657000000",
        "deferredRevenue": "None",
        "currentDebt": "None",
        "shortTermDebt": "919000000",
        "totalNonCurrentLiabilities": "35886000000",
        "capitalLeaseObligations": "None",
        "longTermDebt": "8677000000",
        "currentLongTermDebt": "None",
        "longTermDebtNoncurrent": "None",
        "shortLongTermDebtTotal": "9596000000",
        "otherCurrentLiabilities": "32600000000",
        "otherNonCurrentLiabilities": "27209000000",
        "totalShareholderEquity": "8951000000",
        "treasuryStock": "-16865000000",
        "retainedEarnings": "32647000000",
        "commonStock": "5061000000",
        "commonStockSharesOutstanding": "767300000"
      },
      {
        "fiscalDateEnding": "2013-06-30",
        "reportedCurrency": "USD",
        "totalAssets": "92091000000",
        "totalCurrentAssets": "61310000000",
        "cashAndCashEquivalentsAtCarryingValue": "8694000000",
        "cashAndShortTermInvestments": "8694000000",
        "inventory": "40234000000",
        "currentNetReceivables": "6726000000",
        "totalNonCurrentAssets": "30781000000",
        "propertyPlantEquipment": "9814000000",
        "accumulatedDepreciationAmortizationPPE": "None",
        "intangibleAssets": "3011000000",
        "intangibleAssetsExcludingGoodwill": "3011000000",
        "goodwill": "5043000000",
        "investments": "None",
        "longTermInvestments": "5157000000",
        "shortTermInvestments": "5631000000",
        "otherCurrentAssets": "345000000",
        "otherNonCurrentAssets": "None",
        "totalLiabilities": "84459000000",
        "totalCurrentLiabilities": "46949000000",
        "currentAccountsPayable": "10437000000",
        "deferredRevenue": "None",
        "currentDebt": "None",
        "shortTermDebt": "883000000",
        "totalNonCurrentLiabilities": "37510000000",
        "capitalLeaseObligations": "None",
        "longTermDebt": "8695000000",
        "currentLongTermDebt": "None",
        "longTermDebtNoncurrent": "None",
        "shortLongTermDebtTotal": "9578000000",
        "otherCurrentLiabilities": "12412000000",
        "otherNonCurrentLiabilities": "28815000000",
        "totalShareholderEquity": "7526000000",
        "treasuryStock": "-16412000000",
        "retainedEarnings": "31490000000",
        "commonStock": "5061000000",
        "commonStockSharesOutstanding": "769900000"
      },
      {
        "fiscalDateEnding": "2013-03-31",
        "reportedCurrency": "USD",
        "totalAssets": "90447000000",
        "totalCurrentAssets": "59490000000",
        "cashAndCashEquivalentsAtCarryingValue": "8335000000",
        "cashAndShortTermInvestments": "8335000000",
        "inventory": "40797000000",
        "currentNetReceivables": "6811000000",
        "totalNonCurrentAssets": "30957000000",
        "propertyPlantEquipment": "9736000000",
        "accumulatedDepreciationAmortizationPPE": "None",
        "intangibleAssets": "3075000000",
        "intangibleAssetsExcludingGoodwill": "3075000000",
        "goodwill": "5049000000",
        "investments": "None",
        "longTermInvestments": "5087000000",
        "shortTermInvestments": "3518000000",
        "otherCurrentAssets": "489000000",
        "otherNonCurrentAssets": "None",
        "totalLiabilities": "82887000000",
        "totalCurrentLiabilities": "45666000000",
        "currentAccountsPayable": "9876000000",
        "deferredRevenue": "None",
        "currentDebt": "None",
        "shortTermDebt": "917000000",
        "totalNonCurrentLiabilities": "37221000000",
        "capitalLeaseObligations": "None",
        "longTermDebt": "8254000000",
        "currentLongTermDebt": "None",
        "longTermDebtNoncurrent": "None",
        "shortLongTermDebtTotal": "9171000000",
        "otherCurrentLiabilities": "11530000000",
        "otherNonCurrentLiabilities": "28967000000",
        "totalShareholderEquity": "7462000000",
        "treasuryStock": "-15780000000",
        "retainedEarnings": "31143000000",
        "commonStock": "5061000000",
        "commonStockSharesOutstanding": "766600000"
      },
      {
        "fiscalDateEnding": "2012-12-31",
        "reportedCurrency": "USD",
        "totalAssets": "88896000000",
        "totalCurrentAssets": "57309000000",
        "cashAndCashEquivalentsAtCarryingValue": "10341000000",
        "cashAndShortTermInvestments": "10341000000",
        "inventory": "37751000000",
        "currentNetReceivables": "5972000000",
        "totalNonCurrentAssets": "31587000000",
        "propertyPlantEquipment": "9660000000",
        "accumulatedDepreciationAmortizationPPE": "None",
        "intangibleAssets": "3111000000",
        "intangibleAssetsExcludingGoodwill": "3111000000",
        "goodwill": "5035000000",
        "investments": "None",
        "longTermInvestments": "5236000000",
        "shortTermInvestments": "3217000000",
        "otherCurrentAssets": "28000000",
        "otherNonCurrentAssets": "None",
        "totalLiabilities": "82929000000",
        "totalCurrentLiabilities": "44982000000",
        "currentAccountsPayable": "9394000000",
        "deferredRevenue": "None",
        "currentDebt": "None",
        "shortTermDebt": "1436000000",
        "totalNonCurrentLiabilities": "37947000000",
        "capitalLeaseObligations": "None",
        "longTermDebt": "8973000000",
        "currentLongTermDebt": "10409000000",
        "longTermDebtNoncurrent": "None",
        "shortLongTermDebtTotal": "10409000000",
        "otherCurrentLiabilities": "17480000000",
        "otherNonCurrentLiabilities": "28974000000",
        "totalShareholderEquity": "5867000000",
        "treasuryStock": "-15937000000",
        "retainedEarnings": "30037000000",
        "commonStock": "5061000000",
        "commonStockSharesOutstanding": "768300000"
      },
      {
        "fiscalDateEnding": "2012-09-30",
        "reportedCurrency": "USD",
        "totalAssets": "83654000000",
        "totalCurrentAssets": "53778000000",
        "cashAndCashEquivalentsAtCarryingValue": "6582000000",
        "cashAndShortTermInvestments": "6582000000",
        "inventory": "36817000000",
        "currentNetReceivables": "5437000000",
        "totalNonCurrentAssets": "29876000000",
        "propertyPlantEquipment": "9496000000",
        "accumulatedDepreciationAmortizationPPE": "None",
        "intangibleAssets": "2930000000",
        "intangibleAssetsExcludingGoodwill": "2930000000",
        "goodwill": "4961000000",
        "investments": "None",
        "longTermInvestments": "5223000000",
        "shortTermInvestments": "4590000000",
        "otherCurrentAssets": "352000000",
        "otherNonCurrentAssets": "None",
        "totalLiabilities": "75972000000",
        "totalCurrentLiabilities": "42852000000",
        "currentAccountsPayable": "9152000000",
        "deferredRevenue": "None",
        "currentDebt": "None",
        "shortTermDebt": "2172000000",
        "totalNonCurrentLiabilities": "33120000000",
        "capitalLeaseObligations": "None",
        "longTermDebt": "9014000000",
        "currentLongTermDebt": "None",
        "longTermDebtNoncurrent": "None",
        "shortLongTermDebtTotal": "11186000000",
        "otherCurrentLiabilities": "27392000000",
        "otherNonCurrentLiabilities": "24106000000",
        "totalShareholderEquity": "7588000000",
        "treasuryStock": "-16055000000",
        "retainedEarnings": "29775000000",
        "commonStock": "5061000000",
        "commonStockSharesOutstanding": "762800000"
      },
      {
        "fiscalDateEnding": "2012-06-30",
        "reportedCurrency": "USD",
        "totalAssets": "81595000000",
        "totalCurrentAssets": "51608000000",
        "cashAndCashEquivalentsAtCarryingValue": "6305000000",
        "cashAndShortTermInvestments": "6305000000",
        "inventory": "35033000000",
        "currentNetReceivables": "5894000000",
        "totalNonCurrentAssets": "29987000000",
        "propertyPlantEquipment": "9453000000",
        "accumulatedDepreciationAmortizationPPE": "None",
        "intangibleAssets": "2980000000",
        "intangibleAssetsExcludingGoodwill": "2980000000",
        "goodwill": "4955000000",
        "investments": "None",
        "longTermInvestments": "5072000000",
        "shortTermInvestments": "4002000000",
        "otherCurrentAssets": "374000000",
        "otherNonCurrentAssets": "None",
        "totalLiabilities": "75703000000",
        "totalCurrentLiabilities": "42450000000",
        "currentAccountsPayable": "9273000000",
        "deferredRevenue": "None",
        "currentDebt": "None",
        "shortTermDebt": "2466000000",
        "totalNonCurrentLiabilities": "33253000000",
        "capitalLeaseObligations": "None",
        "longTermDebt": "8735000000",
        "currentLongTermDebt": "None",
        "longTermDebtNoncurrent": "None",
        "shortLongTermDebtTotal": "11201000000",
        "otherCurrentLiabilities": "27043000000",
        "otherNonCurrentLiabilities": "24518000000",
        "totalShareholderEquity": "5804000000",
        "treasuryStock": "-16202000000",
        "retainedEarnings": "28743000000",
        "commonStock": "5061000000",
        "commonStockSharesOutstanding": "759600000"
      },
      {
        "fiscalDateEnding": "2012-03-31",
        "reportedCurrency": "USD",
        "totalAssets": "80205000000",
        "totalCurrentAssets": "50131000000",
        "cashAndCashEquivalentsAtCarryingValue": "6718000000",
        "cashAndShortTermInvestments": "6718000000",
        "inventory": "32738000000",
        "currentNetReceivables": "6475000000",
        "totalNonCurrentAssets": "30074000000",
        "propertyPlantEquipment": "9399000000",
        "accumulatedDepreciationAmortizationPPE": "None",
        "intangibleAssets": "2993000000",
        "intangibleAssetsExcludingGoodwill": "2993000000",
        "goodwill": "4950000000",
        "investments": "None",
        "longTermInvestments": "5176000000",
        "shortTermInvestments": "3798000000",
        "otherCurrentAssets": "402000000",
        "otherNonCurrentAssets": "None",
        "totalLiabilities": "75085000000",
        "totalCurrentLiabilities": "41305000000",
        "currentAccountsPayable": "9041000000",
        "deferredRevenue": "None",
        "currentDebt": "None",
        "shortTermDebt": "2807000000",
        "totalNonCurrentLiabilities": "33780000000",
        "capitalLeaseObligations": "None",
        "longTermDebt": "8817000000",
        "currentLongTermDebt": "None",
        "longTermDebtNoncurrent": "None",
        "shortLongTermDebtTotal": "11624000000",
        "otherCurrentLiabilities": "26279000000",
        "otherNonCurrentLiabilities": "24963000000",
        "totalShareholderEquity": "5027000000",
        "treasuryStock": "-16364000000",
        "retainedEarnings": "28447000000",
        "commonStock": "5061000000",
        "commonStockSharesOutstanding": "757300000"
      },
      {
        "fiscalDateEnding": "2011-12-31",
        "reportedCurrency": "USD",
        "totalAssets": "79986000000",
        "totalCurrentAssets": "49810000000",
        "cashAndCashEquivalentsAtCarryingValue": "10049000000",
        "cashAndShortTermInvestments": "10049000000",
        "inventory": "32240000000",
        "currentNetReceivables": "6269000000",
        "totalNonCurrentAssets": "30176000000",
        "propertyPlantEquipment": "9313000000",
        "accumulatedDepreciationAmortizationPPE": "None",
        "intangibleAssets": "3044000000",
        "intangibleAssetsExcludingGoodwill": "3044000000",
        "goodwill": "4945000000",
        "investments": "None",
        "longTermInvestments": "5339000000",
        "shortTermInvestments": "1223000000",
        "otherCurrentAssets": "29000000",
        "otherNonCurrentAssets": "None",
        "totalLiabilities": "76378000000",
        "totalCurrentLiabilities": "41274000000",
        "currentAccountsPayable": "8406000000",
        "deferredRevenue": "None",
        "currentDebt": "None",
        "shortTermDebt": "2353000000",
        "totalNonCurrentLiabilities": "35104000000",
        "capitalLeaseObligations": "None",
        "longTermDebt": "10018000000",
        "currentLongTermDebt": "12371000000",
        "longTermDebtNoncurrent": "None",
        "shortLongTermDebtTotal": "12371000000",
        "otherCurrentLiabilities": "12239000000",
        "otherNonCurrentLiabilities": "25086000000",
        "totalShareholderEquity": "3515000000",
        "treasuryStock": "-16603000000",
        "retainedEarnings": "27524000000",
        "commonStock": "5061000000",
        "commonStockSharesOutstanding": "747000000"
      },
      {
        "fiscalDateEnding": "2011-09-30",
        "reportedCurrency": "USD",
        "totalAssets": "74163000000",
        "totalCurrentAssets": "46347000000",
        "cashAndCashEquivalentsAtCarryingValue": "5954000000",
        "cashAndShortTermInvestments": "5954000000",
        "inventory": "30493000000",
        "currentNetReceivables": "6296000000",
        "totalNonCurrentAssets": "27816000000",
        "propertyPlantEquipment": "9190000000",
        "accumulatedDepreciationAmortizationPPE": "None",
        "intangibleAssets": "3095000000",
        "intangibleAssetsExcludingGoodwill": "3095000000",
        "goodwill": "4939000000",
        "investments": "None",
        "longTermInvestments": "5422000000",
        "shortTermInvestments": "3279000000",
        "otherCurrentAssets": "325000000",
        "otherNonCurrentAssets": "None",
        "totalLiabilities": "68102000000",
        "totalCurrentLiabilities": "37593000000",
        "currentAccountsPayable": "8502000000",
        "deferredRevenue": "None",
        "currentDebt": "None",
        "shortTermDebt": "1603000000",
        "totalNonCurrentLiabilities": "30509000000",
        "capitalLeaseObligations": "None",
        "longTermDebt": "10777000000",
        "currentLongTermDebt": "None",
        "longTermDebtNoncurrent": "None",
        "shortLongTermDebtTotal": "12380000000",
        "otherCurrentLiabilities": "25533000000",
        "otherNonCurrentLiabilities": "19732000000",
        "totalShareholderEquity": "5967000000",
        "treasuryStock": "-16715000000",
        "retainedEarnings": "26779000000",
        "commonStock": "5061000000",
        "commonStockSharesOutstanding": "753900000"
      },
      {
        "fiscalDateEnding": "2011-06-30",
        "reportedCurrency": "USD",
        "totalAssets": "72119000000",
        "totalCurrentAssets": "44353000000",
        "cashAndCashEquivalentsAtCarryingValue": "5050000000",
        "cashAndShortTermInvestments": "5050000000",
        "inventory": "29094000000",
        "currentNetReceivables": "6162000000",
        "totalNonCurrentAssets": "27766000000",
        "propertyPlantEquipment": "9044000000",
        "accumulatedDepreciationAmortizationPPE": "None",
        "intangibleAssets": "3141000000",
        "intangibleAssetsExcludingGoodwill": "3141000000",
        "goodwill": "4949000000",
        "investments": "None",
        "longTermInvestments": "5334000000",
        "shortTermInvestments": "3752000000",
        "otherCurrentAssets": "295000000",
        "otherNonCurrentAssets": "None",
        "totalLiabilities": "67295000000",
        "totalCurrentLiabilities": "37370000000",
        "currentAccountsPayable": "8262000000",
        "deferredRevenue": "None",
        "currentDebt": "None",
        "shortTermDebt": "1304000000",
        "totalNonCurrentLiabilities": "29925000000",
        "capitalLeaseObligations": "None",
        "longTermDebt": "10324000000",
        "currentLongTermDebt": "None",
        "longTermDebtNoncurrent": "None",
        "shortLongTermDebtTotal": "11628000000",
        "otherCurrentLiabilities": "26518000000",
        "otherNonCurrentLiabilities": "19601000000",
        "totalShareholderEquity": "4733000000",
        "treasuryStock": "-16859000000",
        "retainedEarnings": "25681000000",
        "commonStock": "5061000000",
        "commonStockSharesOutstanding": "752600000"
      },
      {
        "fiscalDateEnding": "2011-03-31",
        "reportedCurrency": "USD",
        "totalAssets": "68760000000",
        "totalCurrentAssets": "41009000000",
        "cashAndCashEquivalentsAtCarryingValue": "5670000000",
        "cashAndShortTermInvestments": "5670000000",
        "inventory": "26912000000",
        "currentNetReceivables": "6036000000",
        "totalNonCurrentAssets": "27751000000",
        "propertyPlantEquipment": "8973000000",
        "accumulatedDepreciationAmortizationPPE": "None",
        "intangibleAssets": "2933000000",
        "intangibleAssetsExcludingGoodwill": "2933000000",
        "goodwill": "4944000000",
        "investments": "None",
        "longTermInvestments": "5411000000",
        "shortTermInvestments": "2102000000",
        "otherCurrentAssets": "289000000",
        "otherNonCurrentAssets": "None",
        "totalLiabilities": "64753000000",
        "totalCurrentLiabilities": "35257000000",
        "currentAccountsPayable": "8304000000",
        "deferredRevenue": "None",
        "currentDebt": "None",
        "shortTermDebt": "966000000",
        "totalNonCurrentLiabilities": "29496000000",
        "capitalLeaseObligations": "None",
        "longTermDebt": "10723000000",
        "currentLongTermDebt": "None",
        "longTermDebtNoncurrent": "None",
        "shortLongTermDebtTotal": "11689000000",
        "otherCurrentLiabilities": "25198000000",
        "otherNonCurrentLiabilities": "18773000000",
        "totalShareholderEquity": "3912000000",
        "treasuryStock": "-17021000000",
        "retainedEarnings": "25370000000",
        "commonStock": "5061000000",
        "commonStockSharesOutstanding": "749000000"
      },
      {
        "fiscalDateEnding": "2010-12-31",
        "reportedCurrency": "USD",
        "totalAssets": "68565000000",
        "totalCurrentAssets": "40572000000",
        "cashAndCashEquivalentsAtCarryingValue": "5359000000",
        "cashAndShortTermInvestments": "5359000000",
        "inventory": "24317000000",
        "currentNetReceivables": "5422000000",
        "totalNonCurrentAssets": "27993000000",
        "propertyPlantEquipment": "8931000000",
        "accumulatedDepreciationAmortizationPPE": "None",
        "intangibleAssets": "2979000000",
        "intangibleAssetsExcludingGoodwill": "2979000000",
        "goodwill": "4937000000",
        "investments": "None",
        "longTermInvestments": "5506000000",
        "shortTermInvestments": "5158000000",
        "otherCurrentAssets": "316000000",
        "otherNonCurrentAssets": "None",
        "totalLiabilities": "65703000000",
        "totalCurrentLiabilities": "35395000000",
        "currentAccountsPayable": "7715000000",
        "deferredRevenue": "None",
        "currentDebt": "None",
        "shortTermDebt": "948000000",
        "totalNonCurrentLiabilities": "30308000000",
        "capitalLeaseObligations": "None",
        "longTermDebt": "11473000000",
        "currentLongTermDebt": "None",
        "longTermDebtNoncurrent": "None",
        "shortLongTermDebtTotal": "12421000000",
        "otherCurrentLiabilities": "26125000000",
        "otherNonCurrentLiabilities": "18835000000",
        "totalShareholderEquity": "2766000000",
        "treasuryStock": "-17187000000",
        "retainedEarnings": "24784000000",
        "commonStock": "5061000000",
        "commonStockSharesOutstanding": "735800000"
      },
      {
        "fiscalDateEnding": "2010-09-30",
        "reportedCurrency": "USD",
        "totalAssets": "65222000000",
        "totalCurrentAssets": "39454000000",
        "cashAndCashEquivalentsAtCarryingValue": "2864000000",
        "cashAndShortTermInvestments": "2864000000",
        "inventory": "21692000000",
        "currentNetReceivables": "6445000000",
        "totalNonCurrentAssets": "25768000000",
        "propertyPlantEquipment": "8671000000",
        "accumulatedDepreciationAmortizationPPE": "None",
        "intangibleAssets": "3027000000",
        "intangibleAssetsExcludingGoodwill": "3027000000",
        "goodwill": "4871000000",
        "investments": "None",
        "longTermInvestments": "5723000000",
        "shortTermInvestments": "7102000000",
        "otherCurrentAssets": "1351000000",
        "otherNonCurrentAssets": "None",
        "totalLiabilities": "60670000000",
        "totalCurrentLiabilities": "34238000000",
        "currentAccountsPayable": "7563000000",
        "deferredRevenue": "None",
        "currentDebt": "None",
        "shortTermDebt": "953000000",
        "totalNonCurrentLiabilities": "26432000000",
        "capitalLeaseObligations": "None",
        "longTermDebt": "11466000000",
        "currentLongTermDebt": "None",
        "longTermDebtNoncurrent": "None",
        "shortLongTermDebtTotal": "12419000000",
        "otherCurrentLiabilities": "10726000000",
        "otherNonCurrentLiabilities": "14966000000",
        "totalShareholderEquity": "4454000000",
        "treasuryStock": "-17302000000",
        "retainedEarnings": "24244000000",
        "commonStock": "5061000000",
        "commonStockSharesOutstanding": "744600000"
      },
      {
        "fiscalDateEnding": "2010-06-30",
        "reportedCurrency": "USD",
        "totalAssets": "63755000000",
        "totalCurrentAssets": "38327000000",
        "cashAndCashEquivalentsAtCarryingValue": "4468000000",
        "cashAndShortTermInvestments": "4468000000",
        "inventory": "20368000000",
        "currentNetReceivables": "6565000000",
        "totalNonCurrentAssets": "25428000000",
        "propertyPlantEquipment": "8584000000",
        "accumulatedDepreciationAmortizationPPE": "None",
        "intangibleAssets": "2821000000",
        "intangibleAssetsExcludingGoodwill": "2821000000",
        "goodwill": "4302000000",
        "investments": "None",
        "longTermInvestments": "6092000000",
        "shortTermInvestments": "5558000000",
        "otherCurrentAssets": "1368000000",
        "otherNonCurrentAssets": "None",
        "totalLiabilities": "60582000000",
        "totalCurrentLiabilities": "34088000000",
        "currentAccountsPayable": "6960000000",
        "deferredRevenue": "None",
        "currentDebt": "None",
        "shortTermDebt": "1507000000",
        "totalNonCurrentLiabilities": "26494000000",
        "capitalLeaseObligations": "None",
        "longTermDebt": "11439000000",
        "currentLongTermDebt": "None",
        "longTermDebtNoncurrent": "None",
        "shortLongTermDebtTotal": "12946000000",
        "otherCurrentLiabilities": "24908000000",
        "otherNonCurrentLiabilities": "15055000000",
        "totalShareholderEquity": "3077000000",
        "treasuryStock": "-15582000000",
        "retainedEarnings": "23409000000",
        "commonStock": "5061000000",
        "commonStockSharesOutstanding": "742900000"
      },
      {
        "fiscalDateEnding": "2010-03-31",
        "reportedCurrency": "USD",
        "totalAssets": "62970000000",
        "totalCurrentAssets": "36798000000",
        "cashAndCashEquivalentsAtCarryingValue": "4517000000",
        "cashAndShortTermInvestments": "4517000000",
        "inventory": "18773000000",
        "currentNetReceivables": "6359000000",
        "totalNonCurrentAssets": "26172000000",
        "propertyPlantEquipment": "8693000000",
        "accumulatedDepreciationAmortizationPPE": "None",
        "intangibleAssets": "2878000000",
        "intangibleAssetsExcludingGoodwill": "2878000000",
        "goodwill": "4317000000",
        "investments": "None",
        "longTermInvestments": "6303000000",
        "shortTermInvestments": "5845000000",
        "otherCurrentAssets": "1304000000",
        "otherNonCurrentAssets": "None",
        "totalLiabilities": "59931000000",
        "totalCurrentLiabilities": "33484000000",
        "currentAccountsPayable": "7469000000",
        "deferredRevenue": "None",
        "currentDebt": "None",
        "shortTermDebt": "1479000000",
        "totalNonCurrentLiabilities": "26447000000",
        "capitalLeaseObligations": "None",
        "longTermDebt": "11464000000",
        "currentLongTermDebt": "None",
        "longTermDebtNoncurrent": "None",
        "shortLongTermDebtTotal": "12943000000",
        "otherCurrentLiabilities": "24124000000",
        "otherNonCurrentLiabilities": "14983000000",
        "totalShareholderEquity": "2942000000",
        "treasuryStock": "-15744000000",
        "retainedEarnings": "23265000000",
        "commonStock": "5061000000",
        "commonStockSharesOutstanding": "740100000"
      },
      {
        "fiscalDateEnding": "2009-12-31",
        "reportedCurrency": "USD",
        "totalAssets": "62053000000",
        "totalCurrentAssets": "35275000000",
        "cashAndCashEquivalentsAtCarryingValue": "9215000000",
        "cashAndShortTermInvestments": "9215000000",
        "inventory": "16933000000",
        "currentNetReceivables": "5785000000",
        "totalNonCurrentAssets": "26778000000",
        "propertyPlantEquipment": "8784000000",
        "accumulatedDepreciationAmortizationPPE": "None",
        "intangibleAssets": "2877000000",
        "intangibleAssetsExcludingGoodwill": "2877000000",
        "goodwill": "4319000000",
        "investments": "None",
        "longTermInvestments": "6496000000",
        "shortTermInvestments": "2008000000",
        "otherCurrentAssets": "1334000000",
        "otherNonCurrentAssets": "None",
        "totalLiabilities": "59828000000",
        "totalCurrentLiabilities": "32883000000",
        "currentAccountsPayable": "7096000000",
        "deferredRevenue": "None",
        "currentDebt": "None",
        "shortTermDebt": "707000000",
        "totalNonCurrentLiabilities": "26945000000",
        "capitalLeaseObligations": "None",
        "longTermDebt": "12217000000",
        "currentLongTermDebt": "None",
        "longTermDebtNoncurrent": "None",
        "shortLongTermDebtTotal": "12924000000",
        "otherCurrentLiabilities": "24898000000",
        "otherNonCurrentLiabilities": "14728000000",
        "totalShareholderEquity": "2128000000",
        "treasuryStock": "-15911000000",
        "retainedEarnings": "22746000000",
        "commonStock": "5061000000",
        "commonStockSharesOutstanding": "729300000"
      },
      {
        "fiscalDateEnding": "2009-09-30",
        "reportedCurrency": "USD",
        "totalAssets": "58667000000",
        "totalCurrentAssets": "30227000000",
        "cashAndCashEquivalentsAtCarryingValue": "6095000000",
        "cashAndShortTermInvestments": "6095000000",
        "inventory": "15981000000",
        "currentNetReceivables": "6718000000",
        "totalNonCurrentAssets": "28440000000",
        "propertyPlantEquipment": "8912000000",
        "accumulatedDepreciationAmortizationPPE": "None",
        "intangibleAssets": "2920000000",
        "intangibleAssetsExcludingGoodwill": "2920000000",
        "goodwill": "4293000000",
        "investments": "None",
        "longTermInvestments": "7043000000",
        "shortTermInvestments": "351000000",
        "otherCurrentAssets": "1082000000",
        "otherNonCurrentAssets": "None",
        "totalLiabilities": "59544000000",
        "totalCurrentLiabilities": "32049000000",
        "currentAccountsPayable": "7053000000",
        "deferredRevenue": "None",
        "currentDebt": "None",
        "shortTermDebt": "973000000",
        "totalNonCurrentLiabilities": "27495000000",
        "capitalLeaseObligations": "None",
        "longTermDebt": "10065000000",
        "currentLongTermDebt": "None",
        "longTermDebtNoncurrent": "None",
        "shortLongTermDebtTotal": "11038000000",
        "otherCurrentLiabilities": "24009000000",
        "otherNonCurrentLiabilities": "17430000000",
        "totalShareholderEquity": "-1028000000",
        "treasuryStock": "-17733000000",
        "retainedEarnings": "22104000000",
        "commonStock": "5061000000",
        "commonStockSharesOutstanding": "701345291"
      },
      {
        "fiscalDateEnding": "2009-06-30",
        "reportedCurrency": "USD",
        "totalAssets": "57712000000",
        "totalCurrentAssets": "30120000000",
        "cashAndCashEquivalentsAtCarryingValue": "4599000000",
        "cashAndShortTermInvestments": "4599000000",
        "inventory": "17200000000",
        "currentNetReceivables": "6588000000",
        "totalNonCurrentAssets": "27592000000",
        "propertyPlantEquipment": "8808000000",
        "accumulatedDepreciationAmortizationPPE": "None",
        "intangibleAssets": "2727000000",
        "intangibleAssetsExcludingGoodwill": "2727000000",
        "goodwill": "3688000000",
        "investments": "None",
        "longTermInvestments": "7157000000",
        "shortTermInvestments": "171000000",
        "otherCurrentAssets": "1562000000",
        "otherNonCurrentAssets": "None",
        "totalLiabilities": "57378000000",
        "totalCurrentLiabilities": "31272000000",
        "currentAccountsPayable": "6664000000",
        "deferredRevenue": "None",
        "currentDebt": "None",
        "shortTermDebt": "416000000",
        "totalNonCurrentLiabilities": "26106000000",
        "capitalLeaseObligations": "None",
        "longTermDebt": "8700000000",
        "currentLongTermDebt": "None",
        "longTermDebtNoncurrent": "None",
        "shortLongTermDebtTotal": "9116000000",
        "otherCurrentLiabilities": "23538000000",
        "otherNonCurrentLiabilities": "335000000",
        "totalShareholderEquity": "180000000",
        "treasuryStock": "-17741000000",
        "retainedEarnings": "23668000000",
        "commonStock": "5061000000",
        "commonStockSharesOutstanding": "707400000"
      },
      {
        "fiscalDateEnding": "2009-03-31",
        "reportedCurrency": "USD",
        "totalAssets": "55340000000",
        "totalCurrentAssets": "27804000000",
        "cashAndCashEquivalentsAtCarryingValue": "4237000000",
        "cashAndShortTermInvestments": "4237000000",
        "inventory": "15649000000",
        "currentNetReceivables": "6238000000",
        "totalNonCurrentAssets": "27536000000",
        "propertyPlantEquipment": "8798000000",
        "accumulatedDepreciationAmortizationPPE": "None",
        "intangibleAssets": "2627000000",
        "intangibleAssetsExcludingGoodwill": "2627000000",
        "goodwill": "3654000000",
        "investments": "None",
        "longTermInvestments": "None",
        "shortTermInvestments": "213000000",
        "otherCurrentAssets": "1467000000",
        "otherNonCurrentAssets": "None",
        "totalLiabilities": "55849000000",
        "totalCurrentLiabilities": "29965000000",
        "currentAccountsPayable": "17553000000",
        "deferredRevenue": "None",
        "currentDebt": "None",
        "shortTermDebt": "530000000",
        "totalNonCurrentLiabilities": "25884000000",
        "capitalLeaseObligations": "None",
        "longTermDebt": "8742000000",
        "currentLongTermDebt": "None",
        "longTermDebtNoncurrent": "None",
        "shortLongTermDebtTotal": "9272000000",
        "otherCurrentLiabilities": "11527000000",
        "otherNonCurrentLiabilities": "None",
        "totalShareholderEquity": "-662000000",
        "treasuryStock": "-18785000000",
        "retainedEarnings": "23284000000",
        "commonStock": "5061000000",
        "commonStockSharesOutstanding": "707400000"
      },
      {
        "fiscalDateEnding": "2008-12-31",
        "reportedCurrency": "USD",
        "totalAssets": "53779000000",
        "totalCurrentAssets": "25964000000",
        "cashAndCashEquivalentsAtCarryingValue": "3268000000",
        "cashAndShortTermInvestments": "3268000000",
        "inventory": "15612000000",
        "currentNetReceivables": "5602000000",
        "totalNonCurrentAssets": "27815000000",
        "propertyPlantEquipment": "8762000000",
        "accumulatedDepreciationAmortizationPPE": "None",
        "intangibleAssets": "2685000000",
        "intangibleAssetsExcludingGoodwill": "2685000000",
        "goodwill": "3647000000",
        "investments": "None",
        "longTermInvestments": "None",
        "shortTermInvestments": "11000000",
        "otherCurrentAssets": "1471000000",
        "otherNonCurrentAssets": "None",
        "totalLiabilities": "55073000000",
        "totalCurrentLiabilities": "30925000000",
        "currentAccountsPayable": "5871000000",
        "deferredRevenue": "None",
        "currentDebt": "None",
        "shortTermDebt": "560000000",
        "totalNonCurrentLiabilities": "24148000000",
        "capitalLeaseObligations": "None",
        "longTermDebt": "6952000000",
        "currentLongTermDebt": "None",
        "longTermDebtNoncurrent": "None",
        "shortLongTermDebtTotal": "7512000000",
        "otherCurrentLiabilities": "24453000000",
        "otherNonCurrentLiabilities": "None",
        "totalShareholderEquity": "-1294000000",
        "treasuryStock": "-18961000000",
        "retainedEarnings": "22675000000",
        "commonStock": "5061000000",
        "commonStockSharesOutstanding": "713400000"
      },
      {
        "fiscalDateEnding": "2008-09-30",
        "reportedCurrency": "USD",
        "totalAssets": "56519000000",
        "totalCurrentAssets": "24341000000",
        "cashAndCashEquivalentsAtCarryingValue": "4186000000",
        "cashAndShortTermInvestments": "4186000000",
        "inventory": "11149000000",
        "currentNetReceivables": "5814000000",
        "totalNonCurrentAssets": "32178000000",
        "propertyPlantEquipment": "8686000000",
        "accumulatedDepreciationAmortizationPPE": "None",
        "intangibleAssets": "2208000000",
        "intangibleAssetsExcludingGoodwill": "2208000000",
        "goodwill": "3530000000",
        "investments": "None",
        "longTermInvestments": "None",
        "shortTermInvestments": "591000000",
        "otherCurrentAssets": "2601000000",
        "otherNonCurrentAssets": "None",
        "totalLiabilities": "47805000000",
        "totalCurrentLiabilities": "29362000000",
        "currentAccountsPayable": "16427000000",
        "deferredRevenue": "None",
        "currentDebt": "None",
        "shortTermDebt": "390000000",
        "totalNonCurrentLiabilities": "18443000000",
        "capitalLeaseObligations": "None",
        "longTermDebt": "7217000000",
        "currentLongTermDebt": "None",
        "longTermDebtNoncurrent": "None",
        "shortLongTermDebtTotal": "7607000000",
        "otherCurrentLiabilities": "11793000000",
        "otherNonCurrentLiabilities": "None",
        "totalShareholderEquity": "8714000000",
        "treasuryStock": "-19033000000",
        "retainedEarnings": "23360000000",
        "commonStock": "5061000000",
        "commonStockSharesOutstanding": "721900000"
      },
      {
        "fiscalDateEnding": "2008-06-30",
        "reportedCurrency": "USD",
        "totalAssets": "58510000000",
        "totalCurrentAssets": "25937000000",
        "cashAndCashEquivalentsAtCarryingValue": "5619000000",
        "cashAndShortTermInvestments": "5619000000",
        "inventory": "10145000000",
        "currentNetReceivables": "5809000000",
        "totalNonCurrentAssets": "32573000000",
        "propertyPlantEquipment": "8585000000",
        "accumulatedDepreciationAmortizationPPE": "None",
        "intangibleAssets": "2223000000",
        "intangibleAssetsExcludingGoodwill": "2223000000",
        "goodwill": "3232000000",
        "investments": "None",
        "longTermInvestments": "None",
        "shortTermInvestments": "1752000000",
        "otherCurrentAssets": "2612000000",
        "otherNonCurrentAssets": "None",
        "totalLiabilities": "49916000000",
        "totalCurrentLiabilities": "31445000000",
        "currentAccountsPayable": "30113000000",
        "deferredRevenue": "None",
        "currentDebt": "None",
        "shortTermDebt": "916000000",
        "totalNonCurrentLiabilities": "18471000000",
        "capitalLeaseObligations": "None",
        "longTermDebt": "7240000000",
        "currentLongTermDebt": "None",
        "longTermDebtNoncurrent": "None",
        "shortLongTermDebtTotal": "8156000000",
        "otherCurrentLiabilities": "416000000",
        "otherNonCurrentLiabilities": "None",
        "totalShareholderEquity": "8594000000",
        "treasuryStock": "-18930000000",
        "retainedEarnings": "22669000000",
        "commonStock": "5061000000",
        "commonStockSharesOutstanding": "732800000"
      },
      {
        "fiscalDateEnding": "2008-03-31",
        "reportedCurrency": "USD",
        "totalAssets": "60360000000",
        "totalCurrentAssets": "28201000000",
        "cashAndCashEquivalentsAtCarryingValue": "7707000000",
        "cashAndShortTermInvestments": "7707000000",
        "inventory": "10156000000",
        "currentNetReceivables": "5784000000",
        "totalNonCurrentAssets": "32159000000",
        "propertyPlantEquipment": "8376000000",
        "accumulatedDepreciationAmortizationPPE": "None",
        "intangibleAssets": "2236000000",
        "intangibleAssetsExcludingGoodwill": "2236000000",
        "goodwill": "3135000000",
        "investments": "None",
        "longTermInvestments": "None",
        "shortTermInvestments": "1881000000",
        "otherCurrentAssets": "2673000000",
        "otherNonCurrentAssets": "None",
        "totalLiabilities": "51294000000",
        "totalCurrentLiabilities": "32686000000",
        "currentAccountsPayable": "31297000000",
        "deferredRevenue": "None",
        "currentDebt": "None",
        "shortTermDebt": "802000000",
        "totalNonCurrentLiabilities": "18608000000",
        "capitalLeaseObligations": "None",
        "longTermDebt": "7428000000",
        "currentLongTermDebt": "None",
        "longTermDebtNoncurrent": "None",
        "shortLongTermDebtTotal": "8230000000",
        "otherCurrentLiabilities": "587000000",
        "otherNonCurrentLiabilities": "None",
        "totalShareholderEquity": "9066000000",
        "treasuryStock": "-18338000000",
        "retainedEarnings": "22409000000",
        "commonStock": "5061000000",
        "commonStockSharesOutstanding": "747400000"
      },
      {
        "fiscalDateEnding": "2007-12-31",
        "reportedCurrency": "USD",
        "totalAssets": "58986000000",
        "totalCurrentAssets": "27280000000",
        "cashAndCashEquivalentsAtCarryingValue": "7042000000",
        "cashAndShortTermInvestments": "7042000000",
        "inventory": "9563000000",
        "currentNetReceivables": "5740000000",
        "totalNonCurrentAssets": "31706000000",
        "propertyPlantEquipment": "8265000000",
        "accumulatedDepreciationAmortizationPPE": "None",
        "intangibleAssets": "2093000000",
        "intangibleAssetsExcludingGoodwill": "2093000000",
        "goodwill": "3081000000",
        "investments": "None",
        "longTermInvestments": "None",
        "shortTermInvestments": "2266000000",
        "otherCurrentAssets": "2669000000",
        "otherNonCurrentAssets": "None",
        "totalLiabilities": "49982000000",
        "totalCurrentLiabilities": "31538000000",
        "currentAccountsPayable": "16676000000",
        "deferredRevenue": "None",
        "currentDebt": "None",
        "shortTermDebt": "762000000",
        "totalNonCurrentLiabilities": "18444000000",
        "capitalLeaseObligations": "None",
        "longTermDebt": "7455000000",
        "currentLongTermDebt": "None",
        "longTermDebtNoncurrent": "None",
        "shortLongTermDebtTotal": "8217000000",
        "otherCurrentLiabilities": "13847000000",
        "otherNonCurrentLiabilities": "None",
        "totalShareholderEquity": "9004000000",
        "treasuryStock": "-17594000000",
        "retainedEarnings": "21376000000",
        "commonStock": "5061000000",
        "commonStockSharesOutstanding": "761400000"
      },
      {
        "fiscalDateEnding": "2007-09-30",
        "reportedCurrency": "USD",
        "totalAssets": "54787000000",
        "totalCurrentAssets": "26628000000",
        "cashAndCashEquivalentsAtCarryingValue": "8948000000",
        "cashAndShortTermInvestments": "8948000000",
        "inventory": "8194000000",
        "currentNetReceivables": "5634000000",
        "totalNonCurrentAssets": "28159000000",
        "propertyPlantEquipment": "8182000000",
        "accumulatedDepreciationAmortizationPPE": "None",
        "intangibleAssets": "1750000000",
        "intangibleAssetsExcludingGoodwill": "1750000000",
        "goodwill": "3096000000",
        "investments": "None",
        "longTermInvestments": "None",
        "shortTermInvestments": "516000000",
        "otherCurrentAssets": "3336000000",
        "otherNonCurrentAssets": "None",
        "totalLiabilities": "48381000000",
        "totalCurrentLiabilities": "30867000000",
        "currentAccountsPayable": "28762000000",
        "deferredRevenue": "None",
        "currentDebt": "None",
        "shortTermDebt": "1025000000",
        "totalNonCurrentLiabilities": "17514000000",
        "capitalLeaseObligations": "None",
        "longTermDebt": "7555000000",
        "currentLongTermDebt": "None",
        "longTermDebtNoncurrent": "None",
        "shortLongTermDebtTotal": "8580000000",
        "otherCurrentLiabilities": "1080000000",
        "otherNonCurrentLiabilities": "None",
        "totalShareholderEquity": "6406000000",
        "treasuryStock": "-17248000000",
        "retainedEarnings": "20920000000",
        "commonStock": "5061000000",
        "commonStockSharesOutstanding": "773400000"
      },
      {
        "fiscalDateEnding": "2007-06-30",
        "reportedCurrency": "USD",
        "totalAssets": "53886000000",
        "totalCurrentAssets": "25523000000",
        "cashAndCashEquivalentsAtCarryingValue": "7156000000",
        "cashAndShortTermInvestments": "7156000000",
        "inventory": "8480000000",
        "currentNetReceivables": "6038000000",
        "totalNonCurrentAssets": "28363000000",
        "propertyPlantEquipment": "7985000000",
        "accumulatedDepreciationAmortizationPPE": "None",
        "intangibleAssets": "1754000000",
        "intangibleAssetsExcludingGoodwill": "1754000000",
        "goodwill": "3092000000",
        "investments": "None",
        "longTermInvestments": "None",
        "shortTermInvestments": "475000000",
        "otherCurrentAssets": "3374000000",
        "otherNonCurrentAssets": "None",
        "totalLiabilities": "48029000000",
        "totalCurrentLiabilities": "30127000000",
        "currentAccountsPayable": "28720000000",
        "deferredRevenue": "None",
        "currentDebt": "None",
        "shortTermDebt": "561000000",
        "totalNonCurrentLiabilities": "17902000000",
        "capitalLeaseObligations": "None",
        "longTermDebt": "8094000000",
        "currentLongTermDebt": "None",
        "longTermDebtNoncurrent": "None",
        "shortLongTermDebtTotal": "8655000000",
        "otherCurrentLiabilities": "846000000",
        "otherNonCurrentLiabilities": "None",
        "totalShareholderEquity": "5857000000",
        "treasuryStock": "-16113000000",
        "retainedEarnings": "19810000000",
        "commonStock": "5061000000",
        "commonStockSharesOutstanding": "777000000"
      },
      {
        "fiscalDateEnding": "2007-03-31",
        "reportedCurrency": "USD",
        "totalAssets": "51556000000",
        "totalCurrentAssets": "22510000000",
        "cashAndCashEquivalentsAtCarryingValue": "4836000000",
        "cashAndShortTermInvestments": "4836000000",
        "inventory": "8400000000",
        "currentNetReceivables": "5505000000",
        "totalNonCurrentAssets": "29046000000",
        "propertyPlantEquipment": "7837000000",
        "accumulatedDepreciationAmortizationPPE": "None",
        "intangibleAssets": "1720000000",
        "intangibleAssetsExcludingGoodwill": "1720000000",
        "goodwill": "3091000000",
        "investments": "None",
        "longTermInvestments": "None",
        "shortTermInvestments": "441000000",
        "otherCurrentAssets": "3328000000",
        "otherNonCurrentAssets": "None",
        "totalLiabilities": "45945000000",
        "totalCurrentLiabilities": "28429000000",
        "currentAccountsPayable": "27055000000",
        "deferredRevenue": "None",
        "currentDebt": "None",
        "shortTermDebt": "598000000",
        "totalNonCurrentLiabilities": "17516000000",
        "capitalLeaseObligations": "None",
        "longTermDebt": "8149000000",
        "currentLongTermDebt": "None",
        "longTermDebtNoncurrent": "None",
        "shortLongTermDebtTotal": "8747000000",
        "otherCurrentLiabilities": "776000000",
        "otherNonCurrentLiabilities": "None",
        "totalShareholderEquity": "5611000000",
        "treasuryStock": "-15439000000",
        "retainedEarnings": "19319000000",
        "commonStock": "5061000000",
        "commonStockSharesOutstanding": "777400000"
      },
      {
        "fiscalDateEnding": "2006-12-31",
        "reportedCurrency": "USD",
        "totalAssets": "51794000000",
        "totalCurrentAssets": "22983000000",
        "cashAndCashEquivalentsAtCarryingValue": "6118000000",
        "cashAndShortTermInvestments": "6118000000",
        "inventory": "8105000000",
        "currentNetReceivables": "5285000000",
        "totalNonCurrentAssets": "28811000000",
        "propertyPlantEquipment": "7675000000",
        "accumulatedDepreciationAmortizationPPE": "None",
        "intangibleAssets": "1698000000",
        "intangibleAssetsExcludingGoodwill": "1698000000",
        "goodwill": "3047000000",
        "investments": "None",
        "longTermInvestments": "None",
        "shortTermInvestments": "268000000",
        "otherCurrentAssets": "3207000000",
        "otherNonCurrentAssets": "None",
        "totalLiabilities": "47055000000",
        "totalCurrentLiabilities": "29701000000",
        "currentAccountsPayable": "16201000000",
        "deferredRevenue": "None",
        "currentDebt": "None",
        "shortTermDebt": "1381000000",
        "totalNonCurrentLiabilities": "17354000000",
        "capitalLeaseObligations": "None",
        "longTermDebt": "8157000000",
        "currentLongTermDebt": "None",
        "longTermDebtNoncurrent": "None",
        "shortLongTermDebtTotal": "9538000000",
        "otherCurrentLiabilities": "11449000000",
        "otherNonCurrentLiabilities": "None",
        "totalShareholderEquity": "4739000000",
        "treasuryStock": "-15213000000",
        "retainedEarnings": "18453000000",
        "commonStock": "5061000000",
        "commonStockSharesOutstanding": "782500000"
      },
      {
        "fiscalDateEnding": "2006-09-30",
        "reportedCurrency": "USD",
        "totalAssets": "61458000000",
        "totalCurrentAssets": "22376000000",
        "cashAndCashEquivalentsAtCarryingValue": "5198000000",
        "cashAndShortTermInvestments": "5198000000",
        "inventory": "8173000000",
        "currentNetReceivables": "5256000000",
        "totalNonCurrentAssets": "39082000000",
        "propertyPlantEquipment": "8670000000",
        "accumulatedDepreciationAmortizationPPE": "None",
        "intangibleAssets": "1471000000",
        "intangibleAssetsExcludingGoodwill": "1471000000",
        "goodwill": "3208000000",
        "investments": "None",
        "longTermInvestments": "None",
        "shortTermInvestments": "423000000",
        "otherCurrentAssets": "3326000000",
        "otherNonCurrentAssets": "None",
        "totalLiabilities": "50432000000",
        "totalCurrentLiabilities": "29660000000",
        "currentAccountsPayable": "27265000000",
        "deferredRevenue": "None",
        "currentDebt": "None",
        "shortTermDebt": "1582000000",
        "totalNonCurrentLiabilities": "20772000000",
        "capitalLeaseObligations": "None",
        "longTermDebt": "8549000000",
        "currentLongTermDebt": "None",
        "longTermDebtNoncurrent": "None",
        "shortLongTermDebtTotal": "10131000000",
        "otherCurrentLiabilities": "813000000",
        "otherNonCurrentLiabilities": "None",
        "totalShareholderEquity": "11026000000",
        "treasuryStock": "-14576000000",
        "retainedEarnings": "17989000000",
        "commonStock": "5061000000",
        "commonStockSharesOutstanding": "784000000"
      },
      {
        "fiscalDateEnding": "2006-06-30",
        "reportedCurrency": "USD",
        "totalAssets": "61269000000",
        "totalCurrentAssets": "23171000000",
        "cashAndCashEquivalentsAtCarryingValue": "7567000000",
        "cashAndShortTermInvestments": "7567000000",
        "inventory": "7562000000",
        "currentNetReceivables": "4577000000",
        "totalNonCurrentAssets": "38098000000",
        "propertyPlantEquipment": "9042000000",
        "accumulatedDepreciationAmortizationPPE": "None",
        "intangibleAssets": "841000000",
        "intangibleAssetsExcludingGoodwill": "841000000",
        "goodwill": "2037000000",
        "investments": "None",
        "longTermInvestments": "None",
        "shortTermInvestments": "567000000",
        "otherCurrentAssets": "2898000000",
        "otherNonCurrentAssets": "None",
        "totalLiabilities": "50900000000",
        "totalCurrentLiabilities": "30357000000",
        "currentAccountsPayable": "28115000000",
        "deferredRevenue": "None",
        "currentDebt": "None",
        "shortTermDebt": "1499000000",
        "totalNonCurrentLiabilities": "20543000000",
        "capitalLeaseObligations": "None",
        "longTermDebt": "8962000000",
        "currentLongTermDebt": "None",
        "longTermDebtNoncurrent": "None",
        "shortLongTermDebtTotal": "10461000000",
        "otherCurrentLiabilities": "743000000",
        "otherNonCurrentLiabilities": "None",
        "totalShareholderEquity": "10369000000",
        "treasuryStock": "-14820000000",
        "retainedEarnings": "17293000000",
        "commonStock": "5061000000",
        "commonStockSharesOutstanding": "761300000"
      },
      {
        "fiscalDateEnding": "2006-03-31",
        "reportedCurrency": "USD",
        "totalAssets": "61408000000",
        "totalCurrentAssets": "22763000000",
        "cashAndCashEquivalentsAtCarryingValue": "6781000000",
        "cashAndShortTermInvestments": "6781000000",
        "inventory": "7627000000",
        "currentNetReceivables": "5019000000",
        "totalNonCurrentAssets": "38645000000",
        "propertyPlantEquipment": "8891000000",
        "accumulatedDepreciationAmortizationPPE": "None",
        "intangibleAssets": "2772000000",
        "intangibleAssetsExcludingGoodwill": "2772000000",
        "goodwill": "1922000000",
        "investments": "None",
        "longTermInvestments": "None",
        "shortTermInvestments": "576000000",
        "otherCurrentAssets": "2760000000",
        "otherNonCurrentAssets": "None",
        "totalLiabilities": "49891000000",
        "totalCurrentLiabilities": "29388000000",
        "currentAccountsPayable": "16719000000",
        "deferredRevenue": "None",
        "currentDebt": "None",
        "shortTermDebt": "1967000000",
        "totalNonCurrentLiabilities": "20503000000",
        "capitalLeaseObligations": "None",
        "longTermDebt": "9057000000",
        "currentLongTermDebt": "None",
        "longTermDebtNoncurrent": "None",
        "shortLongTermDebtTotal": "11024000000",
        "otherCurrentLiabilities": "9766000000",
        "otherNonCurrentLiabilities": "None",
        "totalShareholderEquity": "11517000000",
        "treasuryStock": "-14332000000",
        "retainedEarnings": "17953000000",
        "commonStock": "5061000000",
        "commonStockSharesOutstanding": "791800000"
      },
      {
        "fiscalDateEnding": "2005-12-31",
        "reportedCurrency": "USD",
        "totalAssets": "60058000000",
        "totalCurrentAssets": "21968000000",
        "cashAndCashEquivalentsAtCarryingValue": "5412000000",
        "cashAndShortTermInvestments": "5412000000",
        "inventory": "7940000000",
        "currentNetReceivables": "5246000000",
        "totalNonCurrentAssets": "38090000000",
        "propertyPlantEquipment": "8420000000",
        "accumulatedDepreciationAmortizationPPE": "None",
        "intangibleAssets": "875000000",
        "intangibleAssetsExcludingGoodwill": "875000000",
        "goodwill": "1924000000",
        "investments": "None",
        "longTermInvestments": "None",
        "shortTermInvestments": "554000000",
        "otherCurrentAssets": "2878000000",
        "otherNonCurrentAssets": "None",
        "totalLiabilities": "48999000000",
        "totalCurrentLiabilities": "28188000000",
        "currentAccountsPayable": "16513000000",
        "deferredRevenue": "None",
        "currentDebt": "None",
        "shortTermDebt": "1189000000",
        "totalNonCurrentLiabilities": "20811000000",
        "capitalLeaseObligations": "None",
        "longTermDebt": "9538000000",
        "currentLongTermDebt": "None",
        "longTermDebtNoncurrent": "None",
        "shortLongTermDebtTotal": "10727000000",
        "otherCurrentLiabilities": "9930000000",
        "otherNonCurrentLiabilities": "None",
        "totalShareholderEquity": "11059000000",
        "treasuryStock": "-13871000000",
        "retainedEarnings": "17276000000",
        "commonStock": "5061000000",
        "commonStockSharesOutstanding": "792400000"
      },
      {
        "fiscalDateEnding": "2005-09-30",
        "reportedCurrency": "USD",
        "totalAssets": "58318000000",
        "totalCurrentAssets": "19159000000",
        "cashAndCashEquivalentsAtCarryingValue": "4547000000",
        "cashAndShortTermInvestments": "4547000000",
        "inventory": "6877000000",
        "currentNetReceivables": "4997000000",
        "totalNonCurrentAssets": "39159000000",
        "propertyPlantEquipment": "8268000000",
        "accumulatedDepreciationAmortizationPPE": "None",
        "intangibleAssets": "2811000000",
        "intangibleAssetsExcludingGoodwill": "2811000000",
        "goodwill": "1903000000",
        "investments": "None",
        "longTermInvestments": "None",
        "shortTermInvestments": "527000000",
        "otherCurrentAssets": "2211000000",
        "otherNonCurrentAssets": "None",
        "totalLiabilities": "48895000000",
        "totalCurrentLiabilities": "26116000000",
        "currentAccountsPayable": "16912000000",
        "deferredRevenue": "None",
        "currentDebt": "None",
        "shortTermDebt": "726000000",
        "totalNonCurrentLiabilities": "22779000000",
        "capitalLeaseObligations": "None",
        "longTermDebt": "10136000000",
        "currentLongTermDebt": "None",
        "longTermDebtNoncurrent": "None",
        "shortLongTermDebtTotal": "10862000000",
        "otherCurrentLiabilities": "7575000000",
        "otherNonCurrentLiabilities": "None",
        "totalShareholderEquity": "9423000000",
        "treasuryStock": "-13029000000",
        "retainedEarnings": "17264000000",
        "commonStock": "5061000000",
        "commonStockSharesOutstanding": "802800000"
      }
    ]
  },
  "CASH_FLOW": {
    "Information": "We have detected your API key as NEP64MJPPTJKLK8L and our standard API rate limit is 25 requests per day. Please subscribe to any of the premium plans at https://www.alphavantage.co/premium/ to instantly remove all daily rate limits."
  }
}