{
  "INCOME_STATEMENT": {
    "symbol": "NKE",
    "annualReports": [
      {
        "fiscalDateEnding": "2025-05-31",
        "reportedCurrency": "USD",
        "grossProfit": "19790000000",
        "totalRevenue": "46309000000",
        "costOfRevenue": "26519000000",
        "costofGoodsAndServicesSold": "26519000000",
        "operatingIncome": "3702000000",
        "sellingGeneralAndAdministrative": "11399000000",
        "researchAndDevelopment": "None",
        "operatingExpenses": "16088000000",
        "investmentIncomeNet": "None",
        "netInterestIncome": "107000000",
        "interestIncome": "81000000",
        "interestExpense": "289000000",
        "nonInterestIncome": "None",
        "otherNonOperatingIncome": "None",
        "depreciation": "None",
        "depreciationAndAmortization": "808000000",
        "incomeBeforeTax": "3885000000",
        "incomeTaxExpense": "666000000",
        "interestAndDebtExpense": "None",
        "netIncomeFromContinuingOperations": "3219000000",
        "comprehensiveIncomeNetOfTax": "None",
        "ebit": "3702000000",
        "ebitda": "4510000000",
        "netIncome": "3219000000"
      },
      {
        "fiscalDateEnding": "2024-05-31",
        "reportedCurrency": "USD",
        "grossProfit": "22887000000",
        "totalRevenue": "51362000000",
        "costOfRevenue": "28475000000",
        "costofGoodsAndServicesSold": "28475000000",
        "operatingIncome": "6311000000",
        "sellingGeneralAndAdministrative": "12291000000",
        "researchAndDevelopment": "None",
        "operatingExpenses": "16576000000",
        "investmentIncomeNet": "None",
        "netInterestIncome": "161000000",
        "interestIncome": "93000000",
        "interestExpense": "261000000",
        "nonInterestIncome": "None",
        "otherNonOperatingIncome": "None",
        "depreciation": "None",
        "depreciationAndAmortization": "844000000",
        "incomeBeforeTax": "6700000000",
        "incomeTaxExpense": "1000000000",
        "interestAndDebtExpense": "None",
        "netIncomeFromContinuingOperations": "5700000000",
        "comprehensiveIncomeNetOfTax": "None",
        "ebit": "6311000000",
        "ebitda": "7155000000",
        "netIncome": "5700000000"
      },
      {
        "fiscalDateEnding": "2023-05-31",
        "reportedCurrency": "USD",
        "grossProfit": "22292000000",
        "totalRevenue": "51217000000",
        "costOfRevenue": "28925000000",
        "costofGoodsAndServicesSold": "28925000000",
        "operatingIncome": "5915000000",
        "sellingGeneralAndAdministrative": "12317000000",
        "researchAndDevelopment": "None",
        "operatingExpenses": "16377000000",
        "investmentIncomeNet": "None",
        "netInterestIncome": "6000000",
        "interestIncome": "6000000",
        "interestExpense": "283000000",
        "nonInterestIncome": "None",
        "otherNonOperatingIncome": "280000000",
        "depreciation": "None",
        "depreciationAndAmortization": "859000000",
        "incomeBeforeTax": "6201000000",
        "incomeTaxExpense": "1131000000",
        "interestAndDebtExpense": "None",
        "netIncomeFromContinuingOperations": "5070000000",
        "comprehensiveIncomeNetOfTax": "None",
        "ebit": "5915000000",
        "ebitda": "6774000000",
        "netIncome": "5070000000"
      },
      {
        "fiscalDateEnding": "2022-05-31",
        "reportedCurrency": "USD",
        "grossProfit": "21479000000",
        "totalRevenue": "46710000000",
        "costOfRevenue": "25231000000",
        "costofGoodsAndServicesSold": "25231000000",
        "operatingIncome": "6675000000",
        "sellingGeneralAndAdministrative": "10954000000",
        "researchAndDevelopment": "None",
        "operatingExpenses": "14804000000",
        "investmentIncomeNet": "None",
        "netInterestIncome": "-205000000",
        "interestIncome": "205000000",
        "interestExpense": "292000000",
        "nonInterestIncome": "None",
        "otherNonOperatingIncome": "181000000",
        "depreciation": "None",
        "depreciationAndAmortization": "840000000",
        "incomeBeforeTax": "6651000000",
        "incomeTaxExpense": "605000000",
        "interestAndDebtExpense": "None",
        "netIncomeFromContinuingOperations": "6046000000",
        "comprehensiveIncomeNetOfTax": "None",
        "ebit": "6675000000",
        "ebitda": "7515000000",
        "netIncome": "6046000000"
      },
      {
        "fiscalDateEnding": "2021-05-31",
        "reportedCurrency": "USD",
        "grossProfit": "19962000000",
        "totalRevenue": "44538000000",
        "costOfRevenue": "24576000000",
        "costofGoodsAndServicesSold": "24576000000",
        "operatingIncome": "6937000000",
        "sellingGeneralAndAdministrative": "9911000000",
        "researchAndDevelopment": "None",
        "operatingExpenses": "13025000000",
        "investmentIncomeNet": "None",
        "netInterestIncome": "-262000000",
        "interestIncome": "262000000",
        "interestExpense": "289000000",
        "nonInterestIncome": "None",
        "otherNonOperatingIncome": "-14000000",
        "depreciation": "None",
        "depreciationAndAmortization": "797000000",
        "incomeBeforeTax": "6661000000",
        "incomeTaxExpense": "934000000",
        "interestAndDebtExpense": "None",
        "netIncomeFromContinuingOperations": "5727000000",
        "comprehensiveIncomeNetOfTax": "None",
        "ebit": "6937000000",
        "ebitda": "7734000000",
        "netIncome": "5727000000"
      },
      {
        "fiscalDateEnding": "2020-05-31",
        "reportedCurrency": "USD",
        "grossProfit": "16241000000",
        "totalRevenue": "37403000000",
        "costOfRevenue": "21162000000",
        "costofGoodsAndServicesSold": "21162000000",
        "operatingIncome": "3115000000",
        "sellingGeneralAndAdministrative": "9534000000",
        "researchAndDevelopment": "None",
        "operatingExpenses": "13126000000",
        "investmentIncomeNet": "None",
        "netInterestIncome": "-89000000",
        "interestIncome": "14000000",
        "interestExpense": "144000000",
        "nonInterestIncome": "None",
        "otherNonOperatingIncome": "-139000000",
        "depreciation": "None",
        "depreciationAndAmortization": "1119000000",
        "incomeBeforeTax": "2887000000",
        "incomeTaxExpense": "348000000",
        "interestAndDebtExpense": "None",
        "netIncomeFromContinuingOperations": "2539000000",
        "comprehensiveIncomeNetOfTax": "None",
        "ebit": "3115000000",
        "ebitda": "4234000000",
        "netIncome": "2539000000"
      },
      {
        "fiscalDateEnding": "2019-05-31",
        "reportedCurrency": "USD",
        "grossProfit": "17474000000",
        "totalRevenue": "39117000000",
        "costOfRevenue": "21643000000",
        "costofGoodsAndServicesSold": "21643000000",
        "operatingIncome": "4772000000",
        "sellingGeneralAndAdministrative": "8949000000",
        "researchAndDevelopment": "None",
        "operatingExpenses": "12702000000",
        "investmentIncomeNet": "None",
        "netInterestIncome": "-49000000",
        "interestIncome": "124000000",
        "interestExpense": "124000000",
        "nonInterestIncome": "None",
        "otherNonOperatingIncome": "78000000",
        "depreciation": "None",
        "depreciationAndAmortization": "720000000",
        "incomeBeforeTax": "4801000000",
        "incomeTaxExpense": "772000000",
        "interestAndDebtExpense": "None",
        "netIncomeFromContinuingOperations": "4029000000",
        "comprehensiveIncomeNetOfTax": "None",
        "ebit": "4772000000",
        "ebitda": "5492000000",
        "netIncome": "4029000000"
      },
      {
        "fiscalDateEnding": "2018-05-31",
        "reportedCurrency": "USD",
        "grossProfit": "15956000000",
        "totalRevenue": "36397000000",
        "costOfRevenue": "20441000000",
        "costofGoodsAndServicesSold": "20441000000",
        "operatingIncome": "4445000000",
        "sellingGeneralAndAdministrative": "7934000000",
        "researchAndDevelopment": "None",
        "operatingExpenses": "11511000000",
        "investmentIncomeNet": "None",
        "netInterestIncome": "-54000000",
        "interestIncome": "115000000",
        "interestExpense": "54000000",
        "nonInterestIncome": "None",
        "otherNonOperatingIncome": "-66000000",
        "depreciation": "None",
        "depreciationAndAmortization": "774000000",
        "incomeBeforeTax": "4325000000",
        "incomeTaxExpense": "2392000000",
        "interestAndDebtExpense": "None",
        "netIncomeFromContinuingOperations": "1933000000",
        "comprehensiveIncomeNetOfTax": "None",
        "ebit": "4445000000",
        "ebitda": "5219000000",
        "netIncome": "1933000000"
      },
      {
        "fiscalDateEnding": "2017-05-31",
        "reportedCurrency": "USD",
        "grossProfit": "15312000000",
        "totalRevenue": "34350000000",
        "costOfRevenue": "19038000000",
        "costofGoodsAndServicesSold": "19038000000",
        "operatingIncome": "4749000000",
        "sellingGeneralAndAdministrative": "7222000000",
        "researchAndDevelopment": "None",
        "operatingExpenses": "10563000000",
        "investmentIncomeNet": "None",
        "netInterestIncome": "-59000000",
        "interestIncome": "94000000",
        "interestExpense": "59000000",
        "nonInterestIncome": "None",
        "otherNonOperatingIncome": "196000000",
        "depreciation": "None",
        "depreciationAndAmortization": "716000000",
        "incomeBeforeTax": "4886000000",
        "incomeTaxExpense": "646000000",
        "interestAndDebtExpense": "None",
        "netIncomeFromContinuingOperations": "4240000000",
        "comprehensiveIncomeNetOfTax": "None",
        "ebit": "4749000000",
        "ebitda": "5465000000",
        "netIncome": "4240000000"
      },
      {
        "fiscalDateEnding": "2016-05-31",
        "reportedCurrency": "USD",
        "grossProfit": "14971000000",
        "totalRevenue": "32376000000",
        "costOfRevenue": "17405000000",
        "costofGoodsAndServicesSold": "17405000000",
        "operatingIncome": "4502000000",
        "sellingGeneralAndAdministrative": "7191000000",
        "researchAndDevelopment": "None",
        "operatingExpenses": "10469000000",
        "investmentIncomeNet": "None",
        "netInterestIncome": "-19000000",
        "interestIncome": "130000000",
        "interestExpense": "19000000",
        "nonInterestIncome": "None",
        "otherNonOperatingIncome": "140000000",
        "depreciation": "None",
        "depreciationAndAmortization": "662000000",
        "incomeBeforeTax": "4623000000",
        "incomeTaxExpense": "863000000",
        "interestAndDebtExpense": "None",
        "netIncomeFromContinuingOperations": "3760000000",
        "comprehensiveIncomeNetOfTax": "None",
        "ebit": "4502000000",
        "ebitda": "5164000000",
        "netIncome": "3760000000"
      },
      {
        "fiscalDateEnding": "2015-05-31",
        "reportedCurrency": "USD",
        "grossProfit": "14067000000",
        "totalRevenue": "30601000000",
        "costOfRevenue": "16534000000",
        "costofGoodsAndServicesSold": "16534000000",
        "operatingIncome": "4175000000",
        "sellingGeneralAndAdministrative": "6679000000",
        "researchAndDevelopment": "None",
        "operatingExpenses": "9892000000",
        "investmentIncomeNet": "None",
        "netInterestIncome": "None",
        "interestIncome": "None",
        "interestExpense": "39000000",
        "nonInterestIncome": "None",
        "otherNonOperatingIncome": "58000000",
        "depreciation": "None",
        "depreciationAndAmortization": "649000000",
        "incomeBeforeTax": "4205000000",
        "incomeTaxExpense": "932000000",
        "interestAndDebtExpense": "None",
        "netIncomeFromContinuingOperations": "3273000000",
        "comprehensiveIncomeNetOfTax": "None",
        "ebit": "4175000000",
        "ebitda": "4824000000",
        "netIncome": "3273000000"
      },
      {
        "fiscalDateEnding": "2014-05-31",
        "reportedCurrency": "USD",
        "grossProfit": "12446000000",
        "totalRevenue": "27799000000",
        "costOfRevenue": "15353000000",
        "costofGoodsAndServicesSold": "15353000000",
        "operatingIncome": "3680000000",
        "sellingGeneralAndAdministrative": "5735000000",
        "researchAndDevelopment": "None",
        "operatingExpenses": "8766000000",
        "investmentIncomeNet": "None",
        "netInterestIncome": "None",
        "interestIncome": "None",
        "interestExpense": "43000000",
        "nonInterestIncome": "None",
        "otherNonOperatingIncome": "-103000000",
        "depreciation": "None",
        "depreciationAndAmortization": "586000000",
        "incomeBeforeTax": "3544000000",
        "incomeTaxExpense": "851000000",
        "interestAndDebtExpense": "None",
        "netIncomeFromContinuingOperations": "2693000000",
        "comprehensiveIncomeNetOfTax": "None",
        "ebit": "3680000000",
        "ebitda": "4266000000",
        "netIncome": "2693000000"
      },
      {
        "fiscalDateEnding": "2013-05-31",
        "reportedCurrency": "USD",
        "grossProfit": "11034000000",
        "totalRevenue": "25313000000",
        "costOfRevenue": "14279000000",
        "costofGoodsAndServicesSold": "14279000000",
        "operatingIncome": "3238000000",
        "sellingGeneralAndAdministrative": "5051000000",
        "researchAndDevelopment": "None",
        "operatingExpenses": "7796000000",
        "investmentIncomeNet": "None",
        "netInterestIncome": "None",
        "interestIncome": "None",
        "interestExpense": "6000000",
        "nonInterestIncome": "None",
        "otherNonOperatingIncome": "15000000",
        "depreciation": "None",
        "depreciationAndAmortization": "502000000",
        "incomeBeforeTax": "3256000000",
        "incomeTaxExpense": "805000000",
        "interestAndDebtExpense": "None",
        "netIncomeFromContinuingOperations": "2464000000",
        "comprehensiveIncomeNetOfTax": "None",
        "ebit": "3238000000",
        "ebitda": "3740000000",
        "netIncome": "2472000000"
      },
      {
        "fiscalDateEnding": "2012-05-31",
        "reportedCurrency": "USD",
        "grossProfit": "10148000000",
        "totalRevenue": "23331000000",
        "costOfRevenue": "13183000000",
        "costofGoodsAndServicesSold": "13183000000",
        "operatingIncome": "3069000000",
        "sellingGeneralAndAdministrative": "4472000000",
        "researchAndDevelopment": "None",
        "operatingExpenses": "7079000000",
        "investmentIncomeNet": "None",
        "netInterestIncome": "None",
        "interestIncome": "None",
        "interestExpense": "37000000",
        "nonInterestIncome": "None",
        "otherNonOperatingIncome": "-54000000",
        "depreciation": "None",
        "depreciationAndAmortization": "396000000",
        "incomeBeforeTax": "3011000000",
        "incomeTaxExpense": "754000000",
        "interestAndDebtExpense": "None",
        "netIncomeFromContinuingOperations": "2223000000",
        "comprehensiveIncomeNetOfTax": "None",
        "ebit": "3069000000",
        "ebitda": "3465000000",
        "netIncome": "2211000000"
      },
      {
        "fiscalDateEnding": "2011-05-31",
        "reportedCurrency": "USD",
        "grossProfit": "9202000000",
        "totalRevenue": "20117000000",
        "costOfRevenue": "10915000000",
        "costofGoodsAndServicesSold": "10915000000",
        "operatingIncome": "2841000000",
        "sellingGeneralAndAdministrative": "4017000000",
        "researchAndDevelopment": "None",
        "operatingExpenses": "6361000000",
        "investmentIncomeNet": "None",
        "netInterestIncome": "None",
        "interestIncome": "None",
        "interestExpense": "40000000",
        "nonInterestIncome": "None",
        "otherNonOperatingIncome": "None",
        "depreciation": "None",
        "depreciationAndAmortization": "358000000",
        "incomeBeforeTax": "2862000000",
        "incomeTaxExpense": "690000000",
        "interestAndDebtExpense": "None",
        "netIncomeFromContinuingOperations": "2133000000",
        "comprehensiveIncomeNetOfTax": "None",
        "ebit": "2841000000",
        "ebitda": "3199000000",
        "netIncome": "2133000000"
      },
      {
        "fiscalDateEnding": "2010-05-31",
        "reportedCurrency": "USD",
        "grossProfit": "8800000000",
        "totalRevenue": "19014000000",
        "costOfRevenue": "10214000000",
        "costofGoodsAndServicesSold": "10214000000",
        "operatingIncome": "2474000000",
        "sellingGeneralAndAdministrative": "6326400000",
        "researchAndDevelopment": "None",
        "operatingExpenses": "6326000000",
        "investmentIncomeNet": "None",
        "netInterestIncome": "None",
        "interestIncome": "None",
        "interestExpense": "43800000",
        "nonInterestIncome": "None",
        "otherNonOperatingIncome": "None",
        "depreciation": "None",
        "depreciationAndAmortization": "396000000",
        "incomeBeforeTax": "2517000000",
        "incomeTaxExpense": "610000000",
        "interestAndDebtExpense": "None",
        "netIncomeFromContinuingOperations": "1906700000",
        "comprehensiveIncomeNetOfTax": "None",
        "ebit": "2474000000",
        "ebitda": "2870000000",
        "netIncome": "1907000000"
      },
      {
        "fiscalDateEnding": "2009-05-31",
        "reportedCurrency": "USD",
        "grossProfit": "8604400000",
        "totalRevenue": "19176100000",
        "costOfRevenue": "10571700000",
        "costofGoodsAndServicesSold": "10571700000",
        "operatingIncome": "2454800000",
        "sellingGeneralAndAdministrative": "6149600000",
        "researchAndDevelopment": "None",
        "operatingExpenses": "6149600000",
        "investmentIncomeNet": "None",
        "netInterestIncome": "None",
        "interestIncome": "None",
        "interestExpense": "40200000",
        "nonInterestIncome": "None",
        "otherNonOperatingIncome": "None",
        "depreciation": "None",
        "depreciationAndAmortization": "383300000",
        "incomeBeforeTax": "1956500000",
        "incomeTaxExpense": "469800000",
        "interestAndDebtExpense": "None",
        "netIncomeFromContinuingOperations": "None",
        "comprehensiveIncomeNetOfTax": "None",
        "ebit": "2454800000",
        "ebitda": "2838100000",
        "netIncome": "1486700000"
      },
      {
        "fiscalDateEnding": "2008-05-31",
        "reportedCurrency": "USD",
        "grossProfit": "8387400000",
        "totalRevenue": "18627000000",
        "costOfRevenue": "10239600000",
        "costofGoodsAndServicesSold": "10239600000",
        "operatingIncome": "2433700000",
        "sellingGeneralAndAdministrative": "5953700000",
        "researchAndDevelopment": "None",
        "operatingExpenses": "5953700000",
        "investmentIncomeNet": "None",
        "netInterestIncome": "None",
        "interestIncome": "None",
        "interestExpense": "38700000",
        "nonInterestIncome": "None",
        "otherNonOperatingIncome": "None",
        "depreciation": "None",
        "depreciationAndAmortization": "321500000",
        "incomeBeforeTax": "2502900000",
        "incomeTaxExpense": "619500000",
        "interestAndDebtExpense": "None",
        "netIncomeFromContinuingOperations": "None",
        "comprehensiveIncomeNetOfTax": "None",
        "ebit": "2433700000",
        "ebitda": "2755200000",
        "netIncome": "1883400000"
      },
      {
        "fiscalDateEnding": "2007-05-31",
        "reportedCurrency": "USD",
        "grossProfit": "7160500000",
        "totalRevenue": "16325900000",
        "costOfRevenue": "9165400000",
        "costofGoodsAndServicesSold": "9165400000",
        "operatingIncome": "2131800000",
        "sellingGeneralAndAdministrative": "5028700000",
        "researchAndDevelopment": "None",
        "operatingExpenses": "5028700000",
        "investmentIncomeNet": "None",
        "netInterestIncome": "None",
        "interestIncome": "None",
        "interestExpense": "49700000",
        "nonInterestIncome": "None",
        "otherNonOperatingIncome": "None",
        "depreciation": "None",
        "depreciationAndAmortization": "270200000",
        "incomeBeforeTax": "2199900000",
        "incomeTaxExpense": "708400000",
        "interestAndDebtExpense": "None",
        "netIncomeFromContinuingOperations": "None",
        "comprehensiveIncomeNetOfTax": "None",
        "ebit": "2131800000",
        "ebitda": "2402000000",
        "netIncome": "1491500000"
      },
      {
        "fiscalDateEnding": "2006-05-31",
        "reportedCurrency": "USD",
        "grossProfit": "6587000000",
        "totalRevenue": "14954900000",
        "costOfRevenue": "8367900000",
        "costofGoodsAndServicesSold": "8367900000",
        "operatingIncome": "2109200000",
        "sellingGeneralAndAdministrative": "4477800000",
        "researchAndDevelopment": "None",
        "operatingExpenses": "4477800000",
        "investmentIncomeNet": "None",
        "netInterestIncome": "None",
        "interestIncome": "None",
        "interestExpense": "50500000",
        "nonInterestIncome": "None",
        "otherNonOperatingIncome": "None",
        "depreciation": "None",
        "depreciationAndAmortization": "290900000",
        "incomeBeforeTax": "2141600000",
        "incomeTaxExpense": "749600000",
        "interestAndDebtExpense": "None",
        "netIncomeFromContinuingOperations": "None",
        "comprehensiveIncomeNetOfTax": "None",
        "ebit": "2109200000",
        "ebitda": "2400100000",
        "netIncome": "1392000000"
      }
    ],
    "quarterlyReports": [
      {
        "fiscalDateEnding": "2025-08-31",
        "reportedCurrency": "USD",
        "grossProfit": "4943000000",
        "totalRevenue": "11720000000",
        "costOfRevenue": "6777000000",
        "costofGoodsAndServicesSold": "6777000000",
        "operatingIncome": "927000000",
        "sellingGeneralAndAdministrative": "2828000000",
        "researchAndDevelopment": "None",
        "operatingExpenses": "4016000000",
        "investmentIncomeNet": "None",
        "netInterestIncome": "18000000",
        "interestIncome": "None",
        "interestExpense": "63000000",
        "nonInterestIncome": "None",
        "otherNonOperatingIncome": "None",
        "depreciation": "None",
        "depreciationAndAmortization": "190000000",
        "incomeBeforeTax": "922000000",
        "incomeTaxExpense": "195000000",
        "interestAndDebtExpense": "None",
        "netIncomeFromContinuingOperations": "727000000",
        "comprehensiveIncomeNetOfTax": "None",
        "ebit": "927000000",
        "ebitda": "1117000000",
        "netIncome": "727000000"
      },
      {
        "fiscalDateEnding": "2025-05-31",
        "reportedCurrency": "USD",
        "grossProfit": "4469000000",
        "totalRevenue": "11097000000",
        "costOfRevenue": "6628000000",
        "costofGoodsAndServicesSold": "6628000000",
        "operatingIncome": "321000000",
        "sellingGeneralAndAdministrative": "2895000000",
        "researchAndDevelopment": "None",
        "operatingExpenses": "4148000000",
        "investmentIncomeNet": "None",
        "netInterestIncome": "22000000",
        "interestIncome": "78000000",
        "interestExpense": "66000000",
        "nonInterestIncome": "None",
        "otherNonOperatingIncome": "None",
        "depreciation": "None",
        "depreciationAndAmortization": "197000000",
        "incomeBeforeTax": "318000000",
        "incomeTaxExpense": "107000000",
        "interestAndDebtExpense": "None",
        "netIncomeFromContinuingOperations": "211000000",
        "comprehensiveIncomeNetOfTax": "None",
        "ebit": "321000000",
        "ebitda": "518000000",
        "netIncome": "211000000"
      },
      {
        "fiscalDateEnding": "2025-02-28",
        "reportedCurrency": "USD",
        "grossProfit": "4675000000",
        "totalRevenue": "11269000000",
        "costOfRevenue": "6594000000",
        "costofGoodsAndServicesSold": "6594000000",
        "operatingIncome": "788000000",
        "sellingGeneralAndAdministrative": "2799000000",
        "researchAndDevelopment": "None",
        "operatingExpenses": "3887000000",
        "investmentIncomeNet": "None",
        "netInterestIncome": "18000000",
        "interestIncome": "35000000",
        "interestExpense": "77000000",
        "nonInterestIncome": "None",
        "otherNonOperatingIncome": "None",
        "depreciation": "None",
        "depreciationAndAmortization": "242000000",
        "incomeBeforeTax": "844000000",
        "incomeTaxExpense": "50000000",
        "interestAndDebtExpense": "None",
        "netIncomeFromContinuingOperations": "794000000",
        "comprehensiveIncomeNetOfTax": "None",
        "ebit": "788000000",
        "ebitda": "1030000000",
        "netIncome": "794000000"
      },
      {
        "fiscalDateEnding": "2024-11-30",
        "reportedCurrency": "USD",
        "grossProfit": "5389000000",
        "totalRevenue": "12354000000",
        "costOfRevenue": "6965000000",
        "costofGoodsAndServicesSold": "6965000000",
        "operatingIncome": "1384000000",
        "sellingGeneralAndAdministrative": "2883000000",
        "researchAndDevelopment": "None",
        "operatingExpenses": "4005000000",
        "investmentIncomeNet": "None",
        "netInterestIncome": "24000000",
        "interestIncome": "1000000",
        "interestExpense": "71000000",
        "nonInterestIncome": "None",
        "otherNonOperatingIncome": "None",
        "depreciation": "None",
        "depreciationAndAmortization": "185000000",
        "incomeBeforeTax": "1416000000",
        "incomeTaxExpense": "253000000",
        "interestAndDebtExpense": "None",
        "netIncomeFromContinuingOperations": "1163000000",
        "comprehensiveIncomeNetOfTax": "None",
        "ebit": "1384000000",
        "ebitda": "1569000000",
        "netIncome": "1163000000"
      },
      {
        "fiscalDateEnding": "2024-08-31",
        "reportedCurrency": "USD",
        "grossProfit": "5257000000",
        "totalRevenue": "11589000000",
        "costOfRevenue": "6332000000",
        "costofGoodsAndServicesSold": "6332000000",
        "operatingIncome": "1209000000",
        "sellingGeneralAndAdministrative": "2822000000",
        "researchAndDevelopment": "None",
        "operatingExpenses": "4048000000",
        "investmentIncomeNet": "None",
        "netInterestIncome": "43000000",
        "interestIncome": "None",
        "interestExpense": "75000000",
        "nonInterestIncome": "None",
        "otherNonOperatingIncome": "None",
        "depreciation": "None",
        "depreciationAndAmortization": "184000000",
        "incomeBeforeTax": "1307000000",
        "incomeTaxExpense": "256000000",
        "interestAndDebtExpense": "None",
        "netIncomeFromContinuingOperations": "1051000000",
        "comprehensiveIncomeNetOfTax": "None",
        "ebit": "1209000000",
        "ebitda": "1393000000",
        "netIncome": "1051000000"
      },
      {
        "fiscalDateEnding": "2024-05-31",
        "reportedCurrency": "USD",
        "grossProfit": "5634000000",
        "totalRevenue": "12606000000",
        "costOfRevenue": "6972000000",
        "costofGoodsAndServicesSold": "6972000000",
        "operatingIncome": "1546000000",
        "sellingGeneralAndAdministrative": "2997000000",
        "researchAndDevelopment": "None",
        "operatingExpenses": "4088000000",
        "investmentIncomeNet": "None",
        "netInterestIncome": "53000000",
        "interestIncome": "None",
        "interestExpense": "71000000",
        "nonInterestIncome": "None",
        "otherNonOperatingIncome": "None",
        "depreciation": "None",
        "depreciationAndAmortization": "204000000",
        "incomeBeforeTax": "1726000000",
        "incomeTaxExpense": "226000000",
        "interestAndDebtExpense": "None",
        "netIncomeFromContinuingOperations": "1500000000",
        "comprehensiveIncomeNetOfTax": "None",
        "ebit": "1546000000",
        "ebitda": "1750000000",
        "netIncome": "1500000000"
      },
      {
        "fiscalDateEnding": "2024-02-29",
        "reportedCurrency": "USD",
        "grossProfit": "5562000000",
        "totalRevenue": "12429000000",
        "costOfRevenue": "6867000000",
        "costofGoodsAndServicesSold": "6867000000",
        "operatingIncome": "1336000000",
        "sellingGeneralAndAdministrative": "3215000000",
        "researchAndDevelopment": "None",
        "operatingExpenses": "4226000000",
        "investmentIncomeNet": "None",
        "netInterestIncome": "52000000",
        "interestIncome": "None",
        "interestExpense": "59000000",
        "nonInterestIncome": "None",
        "otherNonOperatingIncome": "None",
        "depreciation": "None",
        "depreciationAndAmortization": "270000000",
        "incomeBeforeTax": "1404000000",
        "incomeTaxExpense": "232000000",
        "interestAndDebtExpense": "None",
        "netIncomeFromContinuingOperations": "1172000000",
        "comprehensiveIncomeNetOfTax": "None",
        "ebit": "1336000000",
        "ebitda": "1606000000",
        "netIncome": "1172000000"
      },
      {
        "fiscalDateEnding": "2023-11-30",
        "reportedCurrency": "USD",
        "grossProfit": "5971000000",
        "totalRevenue": "13388000000",
        "costOfRevenue": "7417000000",
        "costofGoodsAndServicesSold": "7417000000",
        "operatingIncome": "1825000000",
        "sellingGeneralAndAdministrative": "3032000000",
        "researchAndDevelopment": "None",
        "operatingExpenses": "4146000000",
        "investmentIncomeNet": "None",
        "netInterestIncome": "22000000",
        "interestIncome": "None",
        "interestExpense": "68000000",
        "nonInterestIncome": "None",
        "otherNonOperatingIncome": "None",
        "depreciation": "None",
        "depreciationAndAmortization": "184000000",
        "incomeBeforeTax": "1922000000",
        "incomeTaxExpense": "344000000",
        "interestAndDebtExpense": "None",
        "netIncomeFromContinuingOperations": "1578000000",
        "comprehensiveIncomeNetOfTax": "None",
        "ebit": "1825000000",
        "ebitda": "2009000000",
        "netIncome": "1578000000"
      },
      {
        "fiscalDateEnding": "2023-08-31",
        "reportedCurrency": "USD",
        "grossProfit": "5720000000",
        "totalRevenue": "12939000000",
        "costOfRevenue": "7219000000",
        "costofGoodsAndServicesSold": "7219000000",
        "operatingIncome": "1604000000",
        "sellingGeneralAndAdministrative": "3047000000",
        "researchAndDevelopment": "None",
        "operatingExpenses": "4116000000",
        "investmentIncomeNet": "None",
        "netInterestIncome": "34000000",
        "interestIncome": "34000000",
        "interestExpense": "63000000",
        "nonInterestIncome": "None",
        "otherNonOperatingIncome": "None",
        "depreciation": "None",
        "depreciationAndAmortization": "186000000",
        "incomeBeforeTax": "1648000000",
        "incomeTaxExpense": "198000000",
        "interestAndDebtExpense": "None",
        "netIncomeFromContinuingOperations": "1450000000",
        "comprehensiveIncomeNetOfTax": "None",
        "ebit": "1604000000",
        "ebitda": "1790000000",
        "netIncome": "1450000000"
      },
      {
        "fiscalDateEnding": "2023-05-31",
        "reportedCurrency": "USD",
        "grossProfit": "5595000000",
        "totalRevenue": "12825000000",
        "costOfRevenue": "7230000000",
        "costofGoodsAndServicesSold": "7230000000",
        "operatingIncome": "1221000000",
        "sellingGeneralAndAdministrative": "3282000000",
        "researchAndDevelopment": "None",
        "operatingExpenses": "4374000000",
        "investmentIncomeNet": "None",
        "netInterestIncome": "28000000",
        "interestIncome": "28000000",
        "interestExpense": "71000000",
        "nonInterestIncome": "None",
        "otherNonOperatingIncome": "-3000000",
        "depreciation": "None",
        "depreciationAndAmortization": "236000000",
        "incomeBeforeTax": "1246000000",
        "incomeTaxExpense": "215000000",
        "interestAndDebtExpense": "None",
        "netIncomeFromContinuingOperations": "1031000000",
        "comprehensiveIncomeNetOfTax": "None",
        "ebit": "1221000000",
        "ebitda": "1457000000",
        "netIncome": "1031000000"
      },
      {
        "fiscalDateEnding": "2023-02-28",
        "reportedCurrency": "USD",
        "grossProfit": "5371000000",
        "totalRevenue": "12390000000",
        "costOfRevenue": "7019000000",
        "costofGoodsAndServicesSold": "7019000000",
        "operatingIncome": "1412000000",
        "sellingGeneralAndAdministrative": "3036000000",
        "researchAndDevelopment": "None",
        "operatingExpenses": "3959000000",
        "investmentIncomeNet": "None",
        "netInterestIncome": "7000000",
        "interestIncome": "7000000",
        "interestExpense": "74000000",
        "nonInterestIncome": "None",
        "otherNonOperatingIncome": "58000000",
        "depreciation": "None",
        "depreciationAndAmortization": "144000000",
        "incomeBeforeTax": "1477000000",
        "incomeTaxExpense": "237000000",
        "interestAndDebtExpense": "None",
        "netIncomeFromContinuingOperations": "1240000000",
        "comprehensiveIncomeNetOfTax": "None",
        "ebit": "1412000000",
        "ebitda": "1556000000",
        "netIncome": "1240000000"
      },
      {
        "fiscalDateEnding": "2022-11-30",
        "reportedCurrency": "USD",
        "grossProfit": "5711000000",
        "totalRevenue": "13315000000",
        "costOfRevenue": "7604000000",
        "costofGoodsAndServicesSold": "7604000000",
        "operatingIncome": "1587000000",
        "sellingGeneralAndAdministrative": "3022000000",
        "researchAndDevelopment": "None",
        "operatingExpenses": "4124000000",
        "investmentIncomeNet": "None",
        "netInterestIncome": "-16000000",
        "interestIncome": "16000000",
        "interestExpense": "63000000",
        "nonInterestIncome": "None",
        "otherNonOperatingIncome": "79000000",
        "depreciation": "None",
        "depreciationAndAmortization": "319000000",
        "incomeBeforeTax": "1650000000",
        "incomeTaxExpense": "319000000",
        "interestAndDebtExpense": "None",
        "netIncomeFromContinuingOperations": "1331000000",
        "comprehensiveIncomeNetOfTax": "None",
        "ebit": "1587000000",
        "ebitda": "1906000000",
        "netIncome": "1331000000"
      },
      {
        "fiscalDateEnding": "2022-08-31",
        "reportedCurrency": "USD",
        "grossProfit": "5615000000",
        "totalRevenue": "12687000000",
        "costOfRevenue": "7072000000",
        "costofGoodsAndServicesSold": "7072000000",
        "operatingIncome": "1695000000",
        "sellingGeneralAndAdministrative": "2977000000",
        "researchAndDevelopment": "None",
        "operatingExpenses": "3920000000",
        "investmentIncomeNet": "None",
        "netInterestIncome": "-13000000",
        "interestIncome": "13000000",
        "interestExpense": "76000000",
        "nonInterestIncome": "None",
        "otherNonOperatingIncome": "146000000",
        "depreciation": "None",
        "depreciationAndAmortization": "160000000",
        "incomeBeforeTax": "1828000000",
        "incomeTaxExpense": "360000000",
        "interestAndDebtExpense": "None",
        "netIncomeFromContinuingOperations": "1468000000",
        "comprehensiveIncomeNetOfTax": "None",
        "ebit": "1695000000",
        "ebitda": "1855000000",
        "netIncome": "1468000000"
      },
      {
        "fiscalDateEnding": "2022-05-31",
        "reportedCurrency": "USD",
        "grossProfit": "5503000000",
        "totalRevenue": "12234000000",
        "costOfRevenue": "6731000000",
        "costofGoodsAndServicesSold": "6731000000",
        "operatingIncome": "1468000000",
        "sellingGeneralAndAdministrative": "2974000000",
        "researchAndDevelopment": "None",
        "operatingExpenses": "4035000000",
        "investmentIncomeNet": "None",
        "netInterestIncome": "-40000000",
        "interestIncome": "40000000",
        "interestExpense": "75000000",
        "nonInterestIncome": "None",
        "otherNonOperatingIncome": "-54000000",
        "depreciation": "None",
        "depreciationAndAmortization": "296000000",
        "incomeBeforeTax": "1374000000",
        "incomeTaxExpense": "-65000000",
        "interestAndDebtExpense": "None",
        "netIncomeFromContinuingOperations": "1439000000",
        "comprehensiveIncomeNetOfTax": "None",
        "ebit": "1468000000",
        "ebitda": "1764000000",
        "netIncome": "1439000000"
      },
      {
        "fiscalDateEnding": "2022-02-28",
        "reportedCurrency": "USD",
        "grossProfit": "5067000000",
        "totalRevenue": "10871000000",
        "costOfRevenue": "5804000000",
        "costofGoodsAndServicesSold": "5804000000",
        "operatingIncome": "1629000000",
        "sellingGeneralAndAdministrative": "2584000000",
        "researchAndDevelopment": "None",
        "operatingExpenses": "3438000000",
        "investmentIncomeNet": "None",
        "netInterestIncome": "-53000000",
        "interestIncome": "53000000",
        "interestExpense": "73000000",
        "nonInterestIncome": "None",
        "otherNonOperatingIncome": "94000000",
        "depreciation": "None",
        "depreciationAndAmortization": "183000000",
        "incomeBeforeTax": "1670000000",
        "incomeTaxExpense": "274000000",
        "interestAndDebtExpense": "None",
        "netIncomeFromContinuingOperations": "1396000000",
        "comprehensiveIncomeNetOfTax": "None",
        "ebit": "1629000000",
        "ebitda": "1812000000",
        "netIncome": "1396000000"
      },
      {
        "fiscalDateEnding": "2021-11-30",
        "reportedCurrency": "USD",
        "grossProfit": "5213000000",
        "totalRevenue": "11357000000",
        "costOfRevenue": "6144000000",
        "costofGoodsAndServicesSold": "6144000000",
        "operatingIncome": "1454000000",
        "sellingGeneralAndAdministrative": "2742000000",
        "researchAndDevelopment": "None",
        "operatingExpenses": "3759000000",
        "investmentIncomeNet": "None",
        "netInterestIncome": "-55000000",
        "interestIncome": "55000000",
        "interestExpense": "72000000",
        "nonInterestIncome": "None",
        "otherNonOperatingIncome": "102000000",
        "depreciation": "None",
        "depreciationAndAmortization": "193000000",
        "incomeBeforeTax": "1501000000",
        "incomeTaxExpense": "164000000",
        "interestAndDebtExpense": "None",
        "netIncomeFromContinuingOperations": "1337000000",
        "comprehensiveIncomeNetOfTax": "None",
        "ebit": "1454000000",
        "ebitda": "1647000000",
        "netIncome": "1337000000"
      },
      {
        "fiscalDateEnding": "2021-08-31",
        "reportedCurrency": "USD",
        "grossProfit": "5696000000",
        "totalRevenue": "12248000000",
        "costOfRevenue": "6552000000",
        "costofGoodsAndServicesSold": "6552000000",
        "operatingIncome": "2124000000",
        "sellingGeneralAndAdministrative": "2654000000",
        "researchAndDevelopment": "None",
        "operatingExpenses": "3572000000",
        "investmentIncomeNet": "None",
        "netInterestIncome": "-57000000",
        "interestIncome": "57000000",
        "interestExpense": "74000000",
        "nonInterestIncome": "None",
        "otherNonOperatingIncome": "39000000",
        "depreciation": "None",
        "depreciationAndAmortization": "168000000",
        "incomeBeforeTax": "2106000000",
        "incomeTaxExpense": "232000000",
        "interestAndDebtExpense": "None",
        "netIncomeFromContinuingOperations": "1874000000",
        "comprehensiveIncomeNetOfTax": "None",
        "ebit": "2124000000",
        "ebitda": "2292000000",
        "netIncome": "1874000000"
      },
      {
        "fiscalDateEnding": "2021-05-31",
        "reportedCurrency": "USD",
        "grossProfit": "5655000000",
        "totalRevenue": "12344000000",
        "costOfRevenue": "6689000000",
        "costofGoodsAndServicesSold": "6689000000",
        "operatingIncome": "1913000000",
        "sellingGeneralAndAdministrative": "2745000000",
        "researchAndDevelopment": "None",
        "operatingExpenses": "3742000000",
        "investmentIncomeNet": "None",
        "netInterestIncome": "-63000000",
        "interestIncome": "63000000",
        "interestExpense": "74000000",
        "nonInterestIncome": "None",
        "otherNonOperatingIncome": "4000000",
        "depreciation": "None",
        "depreciationAndAmortization": "221000000",
        "incomeBeforeTax": "1854000000",
        "incomeTaxExpense": "345000000",
        "interestAndDebtExpense": "None",
        "netIncomeFromContinuingOperations": "1509000000",
        "comprehensiveIncomeNetOfTax": "None",
        "ebit": "1913000000",
        "ebitda": "2134000000",
        "netIncome": "1509000000"
      },
      {
        "fiscalDateEnding": "2021-02-28",
        "reportedCurrency": "USD",
        "grossProfit": "4719000000",
        "totalRevenue": "10357000000",
        "costOfRevenue": "5638000000",
        "costofGoodsAndServicesSold": "5638000000",
        "operatingIncome": "1678000000",
        "sellingGeneralAndAdministrative": "2330000000",
        "researchAndDevelopment": "None",
        "operatingExpenses": "3041000000",
        "investmentIncomeNet": "None",
        "netInterestIncome": "-64000000",
        "interestIncome": "64000000",
        "interestExpense": "70000000",
        "nonInterestIncome": "None",
        "otherNonOperatingIncome": "22000000",
        "depreciation": "None",
        "depreciationAndAmortization": "112000000",
        "incomeBeforeTax": "1636000000",
        "incomeTaxExpense": "187000000",
        "interestAndDebtExpense": "None",
        "netIncomeFromContinuingOperations": "1449000000",
        "comprehensiveIncomeNetOfTax": "None",
        "ebit": "1678000000",
        "ebitda": "1790000000",
        "netIncome": "1449000000"
      },
      {
        "fiscalDateEnding": "2020-11-30",
        "reportedCurrency": "USD",
        "grossProfit": "4847000000",
        "totalRevenue": "11243000000",
        "costOfRevenue": "6396000000",
        "costofGoodsAndServicesSold": "6396000000",
        "operatingIncome": "1580000000",
        "sellingGeneralAndAdministrative": "2538000000",
        "researchAndDevelopment": "None",
        "operatingExpenses": "3267000000",
        "investmentIncomeNet": "None",
        "netInterestIncome": "-70000000",
        "interestIncome": "70000000",
        "interestExpense": "75000000",
        "nonInterestIncome": "None",
        "otherNonOperatingIncome": "-54000000",
        "depreciation": "None",
        "depreciationAndAmortization": "247000000",
        "incomeBeforeTax": "1456000000",
        "incomeTaxExpense": "205000000",
        "interestAndDebtExpense": "None",
        "netIncomeFromContinuingOperations": "1251000000",
        "comprehensiveIncomeNetOfTax": "None",
        "ebit": "1580000000",
        "ebitda": "1827000000",
        "netIncome": "1251000000"
      },
      {
        "fiscalDateEnding": "2020-08-31",
        "reportedCurrency": "USD",
        "grossProfit": "4741000000",
        "totalRevenue": "10594000000",
        "costOfRevenue": "5853000000",
        "costofGoodsAndServicesSold": "5853000000",
        "operatingIncome": "1766000000",
        "sellingGeneralAndAdministrative": "2298000000",
        "researchAndDevelopment": "None",
        "operatingExpenses": "2975000000",
        "investmentIncomeNet": "None",
        "netInterestIncome": "-65000000",
        "interestIncome": "65000000",
        "interestExpense": "70000000",
        "nonInterestIncome": "None",
        "otherNonOperatingIncome": "14000000",
        "depreciation": "None",
        "depreciationAndAmortization": "217000000",
        "incomeBeforeTax": "1715000000",
        "incomeTaxExpense": "197000000",
        "interestAndDebtExpense": "None",
        "netIncomeFromContinuingOperations": "1518000000",
        "comprehensiveIncomeNetOfTax": "None",
        "ebit": "1766000000",
        "ebitda": "1983000000",
        "netIncome": "1518000000"
      },
      {
        "fiscalDateEnding": "2020-05-31",
        "reportedCurrency": "USD",
        "grossProfit": "2353000000",
        "totalRevenue": "6313000000",
        "costOfRevenue": "3960000000",
        "costofGoodsAndServicesSold": "3960000000",
        "operatingIncome": "-838000000",
        "sellingGeneralAndAdministrative": "2368000000",
        "researchAndDevelopment": "None",
        "operatingExpenses": "3191000000",
        "investmentIncomeNet": "None",
        "netInterestIncome": "-50000000",
        "interestIncome": "41000000",
        "interestExpense": "59000000",
        "nonInterestIncome": "None",
        "otherNonOperatingIncome": "84000000",
        "depreciation": "None",
        "depreciationAndAmortization": "223000000",
        "incomeBeforeTax": "-804000000",
        "incomeTaxExpense": "-14000000",
        "interestAndDebtExpense": "None",
        "netIncomeFromContinuingOperations": "-790000000",
        "comprehensiveIncomeNetOfTax": "None",
        "ebit": "-838000000",
        "ebitda": "-615000000",
        "netIncome": "-790000000"
      },
      {
        "fiscalDateEnding": "2020-02-29",
        "reportedCurrency": "USD",
        "grossProfit": "4473000000",
        "totalRevenue": "10104000000",
        "costOfRevenue": "5631000000",
        "costofGoodsAndServicesSold": "5631000000",
        "operatingIncome": "1190000000",
        "sellingGeneralAndAdministrative": "2413000000",
        "researchAndDevelopment": "None",
        "operatingExpenses": "3283000000",
        "investmentIncomeNet": "None",
        "netInterestIncome": "-12000000",
        "interestIncome": "2000000",
        "interestExpense": "26000000",
        "nonInterestIncome": "None",
        "otherNonOperatingIncome": "-297000000",
        "depreciation": "None",
        "depreciationAndAmortization": "534000000",
        "incomeBeforeTax": "881000000",
        "incomeTaxExpense": "34000000",
        "interestAndDebtExpense": "None",
        "netIncomeFromContinuingOperations": "847000000",
        "comprehensiveIncomeNetOfTax": "None",
        "ebit": "1190000000",
        "ebitda": "1724000000",
        "netIncome": "847000000"
      },
      {
        "fiscalDateEnding": "2019-11-30",
        "reportedCurrency": "USD",
        "grossProfit": "4544000000",
        "totalRevenue": "10326000000",
        "costOfRevenue": "5782000000",
        "costofGoodsAndServicesSold": "5782000000",
        "operatingIncome": "1220000000",
        "sellingGeneralAndAdministrative": "2443000000",
        "researchAndDevelopment": "None",
        "operatingExpenses": "3324000000",
        "investmentIncomeNet": "None",
        "netInterestIncome": "-12000000",
        "interestIncome": "37000000",
        "interestExpense": "25000000",
        "nonInterestIncome": "None",
        "otherNonOperatingIncome": "41000000",
        "depreciation": "None",
        "depreciationAndAmortization": "187000000",
        "incomeBeforeTax": "1249000000",
        "incomeTaxExpense": "134000000",
        "interestAndDebtExpense": "None",
        "netIncomeFromContinuingOperations": "1115000000",
        "comprehensiveIncomeNetOfTax": "None",
        "ebit": "1220000000",
        "ebitda": "1407000000",
        "netIncome": "1115000000"
      },
      {
        "fiscalDateEnding": "2019-08-31",
        "reportedCurrency": "USD",
        "grossProfit": "4871000000",
        "totalRevenue": "10660000000",
        "costOfRevenue": "5789000000",
        "costofGoodsAndServicesSold": "5789000000",
        "operatingIncome": "1543000000",
        "sellingGeneralAndAdministrative": "2310000000",
        "researchAndDevelopment": "None",
        "operatingExpenses": "3328000000",
        "investmentIncomeNet": "None",
        "netInterestIncome": "-15000000",
        "interestIncome": "16000000",
        "interestExpense": "34000000",
        "nonInterestIncome": "None",
        "otherNonOperatingIncome": "33000000",
        "depreciation": "None",
        "depreciationAndAmortization": "175000000",
        "incomeBeforeTax": "1561000000",
        "incomeTaxExpense": "194000000",
        "interestAndDebtExpense": "None",
        "netIncomeFromContinuingOperations": "1367000000",
        "comprehensiveIncomeNetOfTax": "None",
        "ebit": "1543000000",
        "ebitda": "1718000000",
        "netIncome": "1367000000"
      },
      {
        "fiscalDateEnding": "2019-05-31",
        "reportedCurrency": "USD",
        "grossProfit": "4633000000",
        "totalRevenue": "10184000000",
        "costOfRevenue": "5551000000",
        "costofGoodsAndServicesSold": "5551000000",
        "operatingIncome": "1227000000",
        "sellingGeneralAndAdministrative": "2392000000",
        "researchAndDevelopment": "None",
        "operatingExpenses": "3406000000",
        "investmentIncomeNet": "None",
        "netInterestIncome": "-12000000",
        "interestIncome": "30000000",
        "interestExpense": "32000000",
        "nonInterestIncome": "None",
        "otherNonOperatingIncome": "28000000",
        "depreciation": "None",
        "depreciationAndAmortization": "184000000",
        "incomeBeforeTax": "1243000000",
        "incomeTaxExpense": "254000000",
        "interestAndDebtExpense": "None",
        "netIncomeFromContinuingOperations": "989000000",
        "comprehensiveIncomeNetOfTax": "None",
        "ebit": "1227000000",
        "ebitda": "1411000000",
        "netIncome": "989000000"
      },
      {
        "fiscalDateEnding": "2019-02-28",
        "reportedCurrency": "USD",
        "grossProfit": "4339000000",
        "totalRevenue": "9611000000",
        "costOfRevenue": "5272000000",
        "costofGoodsAndServicesSold": "5272000000",
        "operatingIncome": "1248000000",
        "sellingGeneralAndAdministrative": "2226000000",
        "researchAndDevelopment": "0",
        "operatingExpenses": "3091000000",
        "investmentIncomeNet": "None",
        "netInterestIncome": "-12000000",
        "interestIncome": "None",
        "interestExpense": "30000000",
        "nonInterestIncome": "None",
        "otherNonOperatingIncome": "55000000",
        "depreciation": "None",
        "depreciationAndAmortization": "177000000",
        "incomeBeforeTax": "1291000000",
        "incomeTaxExpense": "190000000",
        "interestAndDebtExpense": "None",
        "netIncomeFromContinuingOperations": "1101000000",
        "comprehensiveIncomeNetOfTax": "None",
        "ebit": "1248000000",
        "ebitda": "1425000000",
        "netIncome": "1101000000"
      },
      {
        "fiscalDateEnding": "2018-11-30",
        "reportedCurrency": "USD",
        "grossProfit": "4105000000",
        "totalRevenue": "9374000000",
        "costOfRevenue": "5269000000",
        "costofGoodsAndServicesSold": "5269000000",
        "operatingIncome": "963000000",
        "sellingGeneralAndAdministrative": "2232000000",
        "researchAndDevelopment": "0",
        "operatingExpenses": "3142000000",
        "investmentIncomeNet": "None",
        "netInterestIncome": "None",
        "interestIncome": "None",
        "interestExpense": "33000000",
        "nonInterestIncome": "None",
        "otherNonOperatingIncome": "48000000",
        "depreciation": "None",
        "depreciationAndAmortization": "178000000",
        "incomeBeforeTax": "997000000",
        "incomeTaxExpense": "150000000",
        "interestAndDebtExpense": "None",
        "netIncomeFromContinuingOperations": "847000000",
        "comprehensiveIncomeNetOfTax": "None",
        "ebit": "963000000",
        "ebitda": "1141000000",
        "netIncome": "847000000"
      },
      {
        "fiscalDateEnding": "2018-08-31",
        "reportedCurrency": "USD",
        "grossProfit": "4397000000",
        "totalRevenue": "9948000000",
        "costOfRevenue": "5551000000",
        "costofGoodsAndServicesSold": "5551000000",
        "operatingIncome": "1334000000",
        "sellingGeneralAndAdministrative": "2099000000",
        "researchAndDevelopment": "0",
        "operatingExpenses": "3063000000",
        "investmentIncomeNet": "None",
        "netInterestIncome": "None",
        "interestIncome": "None",
        "interestExpense": "29000000",
        "nonInterestIncome": "None",
        "otherNonOperatingIncome": "-53000000",
        "depreciation": "None",
        "depreciationAndAmortization": "181000000",
        "incomeBeforeTax": "1270000000",
        "incomeTaxExpense": "178000000",
        "interestAndDebtExpense": "None",
        "netIncomeFromContinuingOperations": "1092000000",
        "comprehensiveIncomeNetOfTax": "None",
        "ebit": "1334000000",
        "ebitda": "1515000000",
        "netIncome": "1092000000"
      },
      {
        "fiscalDateEnding": "2018-05-31",
        "reportedCurrency": "USD",
        "grossProfit": "4378000000",
        "totalRevenue": "9789000000",
        "costOfRevenue": "5411000000",
        "costofGoodsAndServicesSold": "5411000000",
        "operatingIncome": "1258000000",
        "sellingGeneralAndAdministrative": "2137000000",
        "researchAndDevelopment": "0",
        "operatingExpenses": "3120000000",
        "investmentIncomeNet": "None",
        "netInterestIncome": "None",
        "interestIncome": "None",
        "interestExpense": "44000000",
        "nonInterestIncome": "None",
        "otherNonOperatingIncome": "-31000000",
        "depreciation": "None",
        "depreciationAndAmortization": "200000000",
        "incomeBeforeTax": "1215000000",
        "incomeTaxExpense": "78000000",
        "interestAndDebtExpense": "None",
        "netIncomeFromContinuingOperations": "1137000000",
        "comprehensiveIncomeNetOfTax": "None",
        "ebit": "1258000000",
        "ebitda": "1458000000",
        "netIncome": "1137000000"
      },
      {
        "fiscalDateEnding": "2018-02-28",
        "reportedCurrency": "USD",
        "grossProfit": "3938000000",
        "totalRevenue": "8984000000",
        "costOfRevenue": "5046000000",
        "costofGoodsAndServicesSold": "5046000000",
        "operatingIncome": "1171000000",
        "sellingGeneralAndAdministrative": "1905000000",
        "researchAndDevelopment": "0",
        "operatingExpenses": "2767000000",
        "investmentIncomeNet": "None",
        "netInterestIncome": "None",
        "interestIncome": "None",
        "interestExpense": "24000000",
        "nonInterestIncome": "None",
        "otherNonOperatingIncome": "1000000",
        "depreciation": "None",
        "depreciationAndAmortization": "198000000",
        "incomeBeforeTax": "1159000000",
        "incomeTaxExpense": "2080000000",
        "interestAndDebtExpense": "None",
        "netIncomeFromContinuingOperations": "-921000000",
        "comprehensiveIncomeNetOfTax": "None",
        "ebit": "1171000000",
        "ebitda": "1369000000",
        "netIncome": "-921000000"
      },
      {
        "fiscalDateEnding": "2017-11-30",
        "reportedCurrency": "USD",
        "grossProfit": "3678000000",
        "totalRevenue": "8554000000",
        "costOfRevenue": "4876000000",
        "costofGoodsAndServicesSold": "4876000000",
        "operatingIncome": "910000000",
        "sellingGeneralAndAdministrative": "1891000000",
        "researchAndDevelopment": "0",
        "operatingExpenses": "2768000000",
        "investmentIncomeNet": "None",
        "netInterestIncome": "None",
        "interestIncome": "None",
        "interestExpense": "24000000",
        "nonInterestIncome": "None",
        "otherNonOperatingIncome": "-18000000",
        "depreciation": "None",
        "depreciationAndAmortization": "191000000",
        "incomeBeforeTax": "879000000",
        "incomeTaxExpense": "112000000",
        "interestAndDebtExpense": "None",
        "netIncomeFromContinuingOperations": "767000000",
        "comprehensiveIncomeNetOfTax": "None",
        "ebit": "910000000",
        "ebitda": "1101000000",
        "netIncome": "767000000"
      },
      {
        "fiscalDateEnding": "2017-08-31",
        "reportedCurrency": "USD",
        "grossProfit": "3962000000",
        "totalRevenue": "9070000000",
        "costOfRevenue": "5108000000",
        "costofGoodsAndServicesSold": "5108000000",
        "operatingIncome": "1106000000",
        "sellingGeneralAndAdministrative": "2001000000",
        "researchAndDevelopment": "0",
        "operatingExpenses": "2856000000",
        "investmentIncomeNet": "None",
        "netInterestIncome": "None",
        "interestIncome": "None",
        "interestExpense": "25000000",
        "nonInterestIncome": "None",
        "otherNonOperatingIncome": "-18000000",
        "depreciation": "None",
        "depreciationAndAmortization": "185000000",
        "incomeBeforeTax": "1072000000",
        "incomeTaxExpense": "122000000",
        "interestAndDebtExpense": "None",
        "netIncomeFromContinuingOperations": "950000000",
        "comprehensiveIncomeNetOfTax": "None",
        "ebit": "1106000000",
        "ebitda": "1291000000",
        "netIncome": "950000000"
      },
      {
        "fiscalDateEnding": "2017-05-31",
        "reportedCurrency": "USD",
        "grossProfit": "3823000000",
        "totalRevenue": "8677000000",
        "costOfRevenue": "4854000000",
        "costofGoodsAndServicesSold": "4854000000",
        "operatingIncome": "1158000000",
        "sellingGeneralAndAdministrative": "1876000000",
        "researchAndDevelopment": "0",
        "operatingExpenses": "2665000000",
        "investmentIncomeNet": "None",
        "netInterestIncome": "None",
        "interestIncome": "None",
        "interestExpense": "26000000",
        "nonInterestIncome": "None",
        "otherNonOperatingIncome": "28000000",
        "depreciation": "None",
        "depreciationAndAmortization": "188000000",
        "incomeBeforeTax": "1168000000",
        "incomeTaxExpense": "160000000",
        "interestAndDebtExpense": "None",
        "netIncomeFromContinuingOperations": "1008000000",
        "comprehensiveIncomeNetOfTax": "None",
        "ebit": "1158000000",
        "ebitda": "1346000000",
        "netIncome": "1008000000"
      },
      {
        "fiscalDateEnding": "2017-02-28",
        "reportedCurrency": "USD",
        "grossProfit": "3750000000",
        "totalRevenue": "8432000000",
        "costOfRevenue": "4682000000",
        "costofGoodsAndServicesSold": "4682000000",
        "operatingIncome": "1254000000",
        "sellingGeneralAndAdministrative": "1747000000",
        "researchAndDevelopment": "0",
        "operatingExpenses": "2496000000",
        "investmentIncomeNet": "None",
        "netInterestIncome": "None",
        "interestIncome": "None",
        "interestExpense": "25000000",
        "nonInterestIncome": "None",
        "otherNonOperatingIncome": "88000000",
        "depreciation": "None",
        "depreciationAndAmortization": "170000000",
        "incomeBeforeTax": "1323000000",
        "incomeTaxExpense": "182000000",
        "interestAndDebtExpense": "None",
        "netIncomeFromContinuingOperations": "1141000000",
        "comprehensiveIncomeNetOfTax": "None",
        "ebit": "1254000000",
        "ebitda": "1424000000",
        "netIncome": "1141000000"
      },
      {
        "fiscalDateEnding": "2016-11-30",
        "reportedCurrency": "USD",
        "grossProfit": "3616000000",
        "totalRevenue": "8180000000",
        "costOfRevenue": "4564000000",
        "costofGoodsAndServicesSold": "4564000000",
        "operatingIncome": "1111000000",
        "sellingGeneralAndAdministrative": "1743000000",
        "researchAndDevelopment": "0",
        "operatingExpenses": "2505000000",
        "investmentIncomeNet": "None",
        "netInterestIncome": "None",
        "interestIncome": "None",
        "interestExpense": "20000000",
        "nonInterestIncome": "None",
        "otherNonOperatingIncome": "18000000",
        "depreciation": "None",
        "depreciationAndAmortization": "178000000",
        "incomeBeforeTax": "1114000000",
        "incomeTaxExpense": "272000000",
        "interestAndDebtExpense": "None",
        "netIncomeFromContinuingOperations": "842000000",
        "comprehensiveIncomeNetOfTax": "None",
        "ebit": "1111000000",
        "ebitda": "1289000000",
        "netIncome": "842000000"
      },
      {
        "fiscalDateEnding": "2016-08-31",
        "reportedCurrency": "USD",
        "grossProfit": "4123000000",
        "totalRevenue": "9061000000",
        "costOfRevenue": "4938000000",
        "costofGoodsAndServicesSold": "4938000000",
        "operatingIncome": "1226000000",
        "sellingGeneralAndAdministrative": "1856000000",
        "researchAndDevelopment": "0",
        "operatingExpenses": "2897000000",
        "investmentIncomeNet": "None",
        "netInterestIncome": "None",
        "interestIncome": "None",
        "interestExpense": "11000000",
        "nonInterestIncome": "None",
        "otherNonOperatingIncome": "62000000",
        "depreciation": "None",
        "depreciationAndAmortization": "180000000",
        "incomeBeforeTax": "1281000000",
        "incomeTaxExpense": "32000000",
        "interestAndDebtExpense": "None",
        "netIncomeFromContinuingOperations": "1249000000",
        "comprehensiveIncomeNetOfTax": "None",
        "ebit": "1226000000",
        "ebitda": "1406000000",
        "netIncome": "1249000000"
      },
      {
        "fiscalDateEnding": "2016-05-31",
        "reportedCurrency": "USD",
        "grossProfit": "3786000000",
        "totalRevenue": "8244000000",
        "costOfRevenue": "4458000000",
        "costofGoodsAndServicesSold": "4458000000",
        "operatingIncome": "1020000000",
        "sellingGeneralAndAdministrative": "1893000000",
        "researchAndDevelopment": "0",
        "operatingExpenses": "2766000000",
        "investmentIncomeNet": "None",
        "netInterestIncome": "None",
        "interestIncome": "None",
        "interestExpense": "5000000",
        "nonInterestIncome": "None",
        "otherNonOperatingIncome": "58000000",
        "depreciation": "None",
        "depreciationAndAmortization": "163000000",
        "incomeBeforeTax": "1073000000",
        "incomeTaxExpense": "227000000",
        "interestAndDebtExpense": "None",
        "netIncomeFromContinuingOperations": "846000000",
        "comprehensiveIncomeNetOfTax": "None",
        "ebit": "1020000000",
        "ebitda": "1183000000",
        "netIncome": "846000000"
      },
      {
        "fiscalDateEnding": "2016-02-29",
        "reportedCurrency": "USD",
        "grossProfit": "3689000000",
        "totalRevenue": "8032000000",
        "costOfRevenue": "4343000000",
        "costofGoodsAndServicesSold": "4343000000",
        "operatingIncome": "1123000000",
        "sellingGeneralAndAdministrative": "1762000000",
        "researchAndDevelopment": "0",
        "operatingExpenses": "2566000000",
        "investmentIncomeNet": "None",
        "netInterestIncome": "None",
        "interestIncome": "None",
        "interestExpense": "5000000",
        "nonInterestIncome": "None",
        "otherNonOperatingIncome": "17000000",
        "depreciation": "None",
        "depreciationAndAmortization": "177000000",
        "incomeBeforeTax": "1135000000",
        "incomeTaxExpense": "185000000",
        "interestAndDebtExpense": "None",
        "netIncomeFromContinuingOperations": "950000000",
        "comprehensiveIncomeNetOfTax": "None",
        "ebit": "1123000000",
        "ebitda": "1300000000",
        "netIncome": "950000000"
      },
      {
        "fiscalDateEnding": "2015-11-30",
        "reportedCurrency": "USD",
        "grossProfit": "3501000000",
        "totalRevenue": "7686000000",
        "costOfRevenue": "4185000000",
        "costofGoodsAndServicesSold": "4185000000",
        "operatingIncome": "941000000",
        "sellingGeneralAndAdministrative": "1791000000",
        "researchAndDevelopment": "0",
        "operatingExpenses": "2560000000",
        "investmentIncomeNet": "None",
        "netInterestIncome": "None",
        "interestIncome": "None",
        "interestExpense": "5000000",
        "nonInterestIncome": "None",
        "otherNonOperatingIncome": "34000000",
        "depreciation": "None",
        "depreciationAndAmortization": "157000000",
        "incomeBeforeTax": "970000000",
        "incomeTaxExpense": "185000000",
        "interestAndDebtExpense": "None",
        "netIncomeFromContinuingOperations": "785000000",
        "comprehensiveIncomeNetOfTax": "None",
        "ebit": "941000000",
        "ebitda": "1098000000",
        "netIncome": "785000000"
      },
      {
        "fiscalDateEnding": "2015-08-31",
        "reportedCurrency": "USD",
        "grossProfit": "3995000000",
        "totalRevenue": "8414000000",
        "costOfRevenue": "4419000000",
        "costofGoodsAndServicesSold": "4419000000",
        "operatingIncome": "1418000000",
        "sellingGeneralAndAdministrative": "1745000000",
        "researchAndDevelopment": "0",
        "operatingExpenses": "2577000000",
        "investmentIncomeNet": "None",
        "netInterestIncome": "None",
        "interestIncome": "None",
        "interestExpense": "4000000",
        "nonInterestIncome": "None",
        "otherNonOperatingIncome": "31000000",
        "depreciation": "None",
        "depreciationAndAmortization": "165000000",
        "incomeBeforeTax": "1445000000",
        "incomeTaxExpense": "266000000",
        "interestAndDebtExpense": "None",
        "netIncomeFromContinuingOperations": "1179000000",
        "comprehensiveIncomeNetOfTax": "None",
        "ebit": "1418000000",
        "ebitda": "1583000000",
        "netIncome": "1179000000"
      },
      {
        "fiscalDateEnding": "2015-05-31",
        "reportedCurrency": "USD",
        "grossProfit": "3593000000",
        "totalRevenue": "7779000000",
        "costOfRevenue": "4186000000",
        "costofGoodsAndServicesSold": "4186000000",
        "operatingIncome": "998000000",
        "sellingGeneralAndAdministrative": "1776000000",
        "researchAndDevelopment": "0",
        "operatingExpenses": "2595000000",
        "investmentIncomeNet": "None",
        "netInterestIncome": "None",
        "interestIncome": "None",
        "interestExpense": "4000000",
        "nonInterestIncome": "None",
        "otherNonOperatingIncome": "58000000",
        "depreciation": "None",
        "depreciationAndAmortization": "168000000",
        "incomeBeforeTax": "1052000000",
        "incomeTaxExpense": "187000000",
        "interestAndDebtExpense": "None",
        "netIncomeFromContinuingOperations": "865000000",
        "comprehensiveIncomeNetOfTax": "None",
        "ebit": "998000000",
        "ebitda": "1166000000",
        "netIncome": "865000000"
      },
      {
        "fiscalDateEnding": "2015-02-28",
        "reportedCurrency": "USD",
        "grossProfit": "3426000000",
        "totalRevenue": "7460000000",
        "costOfRevenue": "4034000000",
        "costofGoodsAndServicesSold": "4034000000",
        "operatingIncome": "1047000000",
        "sellingGeneralAndAdministrative": "1648000000",
        "researchAndDevelopment": "0",
        "operatingExpenses": "2379000000",
        "investmentIncomeNet": "None",
        "netInterestIncome": "None",
        "interestIncome": "None",
        "interestExpense": "6000000",
        "nonInterestIncome": "None",
        "otherNonOperatingIncome": "5000000",
        "depreciation": "None",
        "depreciationAndAmortization": "165000000",
        "incomeBeforeTax": "1046000000",
        "incomeTaxExpense": "255000000",
        "interestAndDebtExpense": "None",
        "netIncomeFromContinuingOperations": "791000000",
        "comprehensiveIncomeNetOfTax": "None",
        "ebit": "1047000000",
        "ebitda": "1212000000",
        "netIncome": "791000000"
      },
      {
        "fiscalDateEnding": "2014-11-30",
        "reportedCurrency": "USD",
        "grossProfit": "3327000000",
        "totalRevenue": "7380000000",
        "costOfRevenue": "4053000000",
        "costofGoodsAndServicesSold": "4053000000",
        "operatingIncome": "889000000",
        "sellingGeneralAndAdministrative": "1672000000",
        "researchAndDevelopment": "0",
        "operatingExpenses": "2438000000",
        "investmentIncomeNet": "None",
        "netInterestIncome": "None",
        "interestIncome": "None",
        "interestExpense": "9000000",
        "nonInterestIncome": "None",
        "otherNonOperatingIncome": "-2000000",
        "depreciation": "None",
        "depreciationAndAmortization": "161000000",
        "incomeBeforeTax": "878000000",
        "incomeTaxExpense": "223000000",
        "interestAndDebtExpense": "None",
        "netIncomeFromContinuingOperations": "655000000",
        "comprehensiveIncomeNetOfTax": "None",
        "ebit": "889000000",
        "ebitda": "1050000000",
        "netIncome": "655000000"
      },
      {
        "fiscalDateEnding": "2014-08-31",
        "reportedCurrency": "USD",
        "grossProfit": "3721000000",
        "totalRevenue": "7982000000",
        "costOfRevenue": "4261000000",
        "costofGoodsAndServicesSold": "4261000000",
        "operatingIncome": "1241000000",
        "sellingGeneralAndAdministrative": "1583000000",
        "researchAndDevelopment": "0",
        "operatingExpenses": "2480000000",
        "investmentIncomeNet": "None",
        "netInterestIncome": "None",
        "interestIncome": "None",
        "interestExpense": "9000000",
        "nonInterestIncome": "None",
        "otherNonOperatingIncome": "-3000000",
        "depreciation": "None",
        "depreciationAndAmortization": "155000000",
        "incomeBeforeTax": "1229000000",
        "incomeTaxExpense": "267000000",
        "interestAndDebtExpense": "None",
        "netIncomeFromContinuingOperations": "962000000",
        "comprehensiveIncomeNetOfTax": "None",
        "ebit": "1241000000",
        "ebitda": "1396000000",
        "netIncome": "962000000"
      },
      {
        "fiscalDateEnding": "2014-05-31",
        "reportedCurrency": "USD",
        "grossProfit": "3385000000",
        "totalRevenue": "7425000000",
        "costOfRevenue": "4040000000",
        "costofGoodsAndServicesSold": "4040000000",
        "operatingIncome": "929000000",
        "sellingGeneralAndAdministrative": "1580000000",
        "researchAndDevelopment": "0",
        "operatingExpenses": "2456000000",
        "investmentIncomeNet": "None",
        "netInterestIncome": "None",
        "interestIncome": "None",
        "interestExpense": "8000000",
        "nonInterestIncome": "None",
        "otherNonOperatingIncome": "-17000000",
        "depreciation": "None",
        "depreciationAndAmortization": "152000000",
        "incomeBeforeTax": "904000000",
        "incomeTaxExpense": "213000000",
        "interestAndDebtExpense": "None",
        "netIncomeFromContinuingOperations": "691000000",
        "comprehensiveIncomeNetOfTax": "None",
        "ebit": "929000000",
        "ebitda": "1081000000",
        "netIncome": "691000000"
      },
      {
        "fiscalDateEnding": "2014-02-28",
        "reportedCurrency": "USD",
        "grossProfit": "3103000000",
        "totalRevenue": "6972000000",
        "costOfRevenue": "3869000000",
        "costofGoodsAndServicesSold": "3869000000",
        "operatingIncome": "934000000",
        "sellingGeneralAndAdministrative": "1436000000",
        "researchAndDevelopment": "0",
        "operatingExpenses": "2169000000",
        "investmentIncomeNet": "None",
        "netInterestIncome": "None",
        "interestIncome": "None",
        "interestExpense": "9000000",
        "nonInterestIncome": "None",
        "otherNonOperatingIncome": "-45000000",
        "depreciation": "None",
        "depreciationAndAmortization": "134000000",
        "incomeBeforeTax": "880000000",
        "incomeTaxExpense": "198000000",
        "interestAndDebtExpense": "None",
        "netIncomeFromContinuingOperations": "685000000",
        "comprehensiveIncomeNetOfTax": "None",
        "ebit": "934000000",
        "ebitda": "1068000000",
        "netIncome": "682000000"
      },
      {
        "fiscalDateEnding": "2013-11-30",
        "reportedCurrency": "USD",
        "grossProfit": "2826000000",
        "totalRevenue": "6431000000",
        "costOfRevenue": "3605000000",
        "costofGoodsAndServicesSold": "3605000000",
        "operatingIncome": "735000000",
        "sellingGeneralAndAdministrative": "1400000000",
        "researchAndDevelopment": "0",
        "operatingExpenses": "2091000000",
        "investmentIncomeNet": "None",
        "netInterestIncome": "None",
        "interestIncome": "None",
        "interestExpense": "8000000",
        "nonInterestIncome": "None",
        "otherNonOperatingIncome": "-13000000",
        "depreciation": "None",
        "depreciationAndAmortization": "145000000",
        "incomeBeforeTax": "714000000",
        "incomeTaxExpense": "180000000",
        "interestAndDebtExpense": "None",
        "netIncomeFromContinuingOperations": "537000000",
        "comprehensiveIncomeNetOfTax": "None",
        "ebit": "735000000",
        "ebitda": "880000000",
        "netIncome": "534000000"
      },
      {
        "fiscalDateEnding": "2013-08-31",
        "reportedCurrency": "USD",
        "grossProfit": "3132000000",
        "totalRevenue": "6971000000",
        "costOfRevenue": "3839000000",
        "costofGoodsAndServicesSold": "3839000000",
        "operatingIncome": "1074000000",
        "sellingGeneralAndAdministrative": "1327000000",
        "researchAndDevelopment": "0",
        "operatingExpenses": "2058000000",
        "investmentIncomeNet": "None",
        "netInterestIncome": "None",
        "interestIncome": "None",
        "interestExpense": "8000000",
        "nonInterestIncome": "None",
        "otherNonOperatingIncome": "-28000000",
        "depreciation": "None",
        "depreciationAndAmortization": "152000000",
        "incomeBeforeTax": "1038000000",
        "incomeTaxExpense": "259000000",
        "interestAndDebtExpense": "None",
        "netIncomeFromContinuingOperations": "780000000",
        "comprehensiveIncomeNetOfTax": "None",
        "ebit": "1074000000",
        "ebitda": "1226000000",
        "netIncome": "779000000"
      },
      {
        "fiscalDateEnding": "2013-05-31",
        "reportedCurrency": "USD",
        "grossProfit": "2940000000",
        "totalRevenue": "6697000000",
        "costOfRevenue": "3757000000",
        "costofGoodsAndServicesSold": "3757000000",
        "operatingIncome": "918000000",
        "sellingGeneralAndAdministrative": "1380000000",
        "researchAndDevelopment": "0",
        "operatingExpenses": "2022000000",
        "investmentIncomeNet": "None",
        "netInterestIncome": "None",
        "interestIncome": "None",
        "interestExpense": "3000000",
        "nonInterestIncome": "None",
        "otherNonOperatingIncome": "-14000000",
        "depreciation": "None",
        "depreciationAndAmortization": "154000000",
        "incomeBeforeTax": "902000000",
        "incomeTaxExpense": "206000000",
        "interestAndDebtExpense": "None",
        "netIncomeFromContinuingOperations": "714000000",
        "comprehensiveIncomeNetOfTax": "None",
        "ebit": "918000000",
        "ebitda": "1072000000",
        "netIncome": "668000000"
      },
      {
        "fiscalDateEnding": "2013-02-28",
        "reportedCurrency": "USD",
        "grossProfit": "2736000000",
        "totalRevenue": "6187000000",
        "costOfRevenue": "3451000000",
        "costofGoodsAndServicesSold": "3451000000",
        "operatingIncome": "873000000",
        "sellingGeneralAndAdministrative": "1244000000",
        "researchAndDevelopment": "0",
        "operatingExpenses": "1863000000",
        "investmentIncomeNet": "None",
        "netInterestIncome": "None",
        "interestIncome": "None",
        "interestExpense": "2000000",
        "nonInterestIncome": "None",
        "otherNonOperatingIncome": "-17000000",
        "depreciation": "None",
        "depreciationAndAmortization": "93000000",
        "incomeBeforeTax": "858000000",
        "incomeTaxExpense": "196000000",
        "interestAndDebtExpense": "None",
        "netIncomeFromContinuingOperations": "662000000",
        "comprehensiveIncomeNetOfTax": "None",
        "ebit": "873000000",
        "ebitda": "966000000",
        "netIncome": "866000000"
      },
      {
        "fiscalDateEnding": "2012-11-30",
        "reportedCurrency": "USD",
        "grossProfit": "2530000000",
        "totalRevenue": "5955000000",
        "costOfRevenue": "3425000000",
        "costofGoodsAndServicesSold": "3425000000",
        "operatingIncome": "694000000",
        "sellingGeneralAndAdministrative": "1223000000",
        "researchAndDevelopment": "0",
        "operatingExpenses": "1836000000",
        "investmentIncomeNet": "None",
        "netInterestIncome": "None",
        "interestIncome": "None",
        "interestExpense": "1000000",
        "nonInterestIncome": "None",
        "otherNonOperatingIncome": "17000000",
        "depreciation": "None",
        "depreciationAndAmortization": "129000000",
        "incomeBeforeTax": "712000000",
        "incomeTaxExpense": "191000000",
        "interestAndDebtExpense": "None",
        "netIncomeFromContinuingOperations": "521000000",
        "comprehensiveIncomeNetOfTax": "None",
        "ebit": "694000000",
        "ebitda": "823000000",
        "netIncome": "384000000"
      },
      {
        "fiscalDateEnding": "2012-08-31",
        "reportedCurrency": "USD",
        "grossProfit": "2828000000",
        "totalRevenue": "6474000000",
        "costOfRevenue": "3646000000",
        "costofGoodsAndServicesSold": "3646000000",
        "operatingIncome": "769000000",
        "sellingGeneralAndAdministrative": "1188000000",
        "researchAndDevelopment": "0",
        "operatingExpenses": "2059000000",
        "investmentIncomeNet": "None",
        "netInterestIncome": "None",
        "interestIncome": "None",
        "interestExpense": "3000000",
        "nonInterestIncome": "None",
        "otherNonOperatingIncome": "29000000",
        "depreciation": "None",
        "depreciationAndAmortization": "137000000",
        "incomeBeforeTax": "800000000",
        "incomeTaxExpense": "215000000",
        "interestAndDebtExpense": "None",
        "netIncomeFromContinuingOperations": "567000000",
        "comprehensiveIncomeNetOfTax": "None",
        "ebit": "769000000",
        "ebitda": "906000000",
        "netIncome": "567000000"
      },
      {
        "fiscalDateEnding": "2012-05-31",
        "reportedCurrency": "USD",
        "grossProfit": "2767000000",
        "totalRevenue": "6470000000",
        "costOfRevenue": "3703000000",
        "costofGoodsAndServicesSold": "3703000000",
        "operatingIncome": "781000000",
        "sellingGeneralAndAdministrative": "1986000000",
        "researchAndDevelopment": "0",
        "operatingExpenses": "1986000000",
        "investmentIncomeNet": "None",
        "netInterestIncome": "None",
        "interestIncome": "None",
        "interestExpense": "6000000",
        "nonInterestIncome": "None",
        "otherNonOperatingIncome": "-38000000",
        "depreciation": "None",
        "depreciationAndAmortization": "85000000",
        "incomeBeforeTax": "743000000",
        "incomeTaxExpense": "194000000",
        "interestAndDebtExpense": "None",
        "netIncomeFromContinuingOperations": "549000000",
        "comprehensiveIncomeNetOfTax": "None",
        "ebit": "797000000",
        "ebitda": "882000000",
        "netIncome": "549000000"
      },
      {
        "fiscalDateEnding": "2012-02-29",
        "reportedCurrency": "USD",
        "grossProfit": "2485000000",
        "totalRevenue": "5656000000",
        "costOfRevenue": "3171000000",
        "costofGoodsAndServicesSold": "3171000000",
        "operatingIncome": "777000000",
        "sellingGeneralAndAdministrative": "1116000000",
        "researchAndDevelopment": "0",
        "operatingExpenses": "1708000000",
        "investmentIncomeNet": "None",
        "netInterestIncome": "None",
        "interestIncome": "None",
        "interestExpense": "7000000",
        "nonInterestIncome": "None",
        "otherNonOperatingIncome": "11000000",
        "depreciation": "None",
        "depreciationAndAmortization": "122000000",
        "incomeBeforeTax": "787000000",
        "incomeTaxExpense": "218000000",
        "interestAndDebtExpense": "None",
        "netIncomeFromContinuingOperations": "560000000",
        "comprehensiveIncomeNetOfTax": "None",
        "ebit": "777000000",
        "ebitda": "899000000",
        "netIncome": "560000000"
      },
      {
        "fiscalDateEnding": "2011-11-30",
        "reportedCurrency": "USD",
        "grossProfit": "2376000000",
        "totalRevenue": "5546000000",
        "costOfRevenue": "3170000000",
        "costofGoodsAndServicesSold": "3170000000",
        "operatingIncome": "645000000",
        "sellingGeneralAndAdministrative": "1820000000",
        "researchAndDevelopment": "0",
        "operatingExpenses": "1731000000",
        "investmentIncomeNet": "None",
        "netInterestIncome": "None",
        "interestIncome": "None",
        "interestExpense": "3000000",
        "nonInterestIncome": "None",
        "otherNonOperatingIncome": "-9000000",
        "depreciation": "None",
        "depreciationAndAmortization": "87000000",
        "incomeBeforeTax": "632000000",
        "incomeTaxExpense": "152000000",
        "interestAndDebtExpense": "None",
        "netIncomeFromContinuingOperations": "469000000",
        "comprehensiveIncomeNetOfTax": "None",
        "ebit": "645000000",
        "ebitda": "732000000",
        "netIncome": "469000000"
      },
      {
        "fiscalDateEnding": "2011-08-31",
        "reportedCurrency": "USD",
        "grossProfit": "2693000000",
        "totalRevenue": "6081000000",
        "costOfRevenue": "3388000000",
        "costofGoodsAndServicesSold": "3388000000",
        "operatingIncome": "870000000",
        "sellingGeneralAndAdministrative": "1823000000",
        "researchAndDevelopment": "0",
        "operatingExpenses": "1823000000",
        "investmentIncomeNet": "None",
        "netInterestIncome": "None",
        "interestIncome": "None",
        "interestExpense": "8000000",
        "nonInterestIncome": "None",
        "otherNonOperatingIncome": "-18000000",
        "depreciation": "None",
        "depreciationAndAmortization": "111000000",
        "incomeBeforeTax": "852000000",
        "incomeTaxExpense": "207000000",
        "interestAndDebtExpense": "None",
        "netIncomeFromContinuingOperations": "645000000",
        "comprehensiveIncomeNetOfTax": "None",
        "ebit": "870000000",
        "ebitda": "981000000",
        "netIncome": "645000000"
      },
      {
        "fiscalDateEnding": "2011-05-31",
        "reportedCurrency": "USD",
        "grossProfit": "2554000000",
        "totalRevenue": "5766000000",
        "costOfRevenue": "3212000000",
        "costofGoodsAndServicesSold": "3212000000",
        "operatingIncome": "782000000",
        "sellingGeneralAndAdministrative": "1772000000",
        "researchAndDevelopment": "0",
        "operatingExpenses": "1772000000",
        "investmentIncomeNet": "None",
        "netInterestIncome": "None",
        "interestIncome": "None",
        "interestExpense": "4000000",
        "nonInterestIncome": "None",
        "otherNonOperatingIncome": "None",
        "depreciation": "None",
        "depreciationAndAmortization": "98000000",
        "incomeBeforeTax": "773000000",
        "incomeTaxExpense": "179000000",
        "interestAndDebtExpense": "None",
        "netIncomeFromContinuingOperations": "594000000",
        "comprehensiveIncomeNetOfTax": "None",
        "ebit": "815000000",
        "ebitda": "913000000",
        "netIncome": "594000000"
      },
      {
        "fiscalDateEnding": "2011-02-28",
        "reportedCurrency": "USD",
        "grossProfit": "2327000000",
        "totalRevenue": "5079000000",
        "costOfRevenue": "2752000000",
        "costofGoodsAndServicesSold": "2752000000",
        "operatingIncome": "690000000",
        "sellingGeneralAndAdministrative": "1637000000",
        "researchAndDevelopment": "0",
        "operatingExpenses": "1637000000",
        "investmentIncomeNet": "None",
        "netInterestIncome": "None",
        "interestIncome": "None",
        "interestExpense": "7000000",
        "nonInterestIncome": "None",
        "otherNonOperatingIncome": "None",
        "depreciation": "None",
        "depreciationAndAmortization": "85000000",
        "incomeBeforeTax": "707000000",
        "incomeTaxExpense": "184000000",
        "interestAndDebtExpense": "None",
        "netIncomeFromContinuingOperations": "523000000",
        "comprehensiveIncomeNetOfTax": "None",
        "ebit": "707000000",
        "ebitda": "792000000",
        "netIncome": "523000000"
      },
      {
        "fiscalDateEnding": "2010-11-30",
        "reportedCurrency": "USD",
        "grossProfit": "2193000000",
        "totalRevenue": "4842000000",
        "costOfRevenue": "2649000000",
        "costofGoodsAndServicesSold": "2649000000",
        "operatingIncome": "582000000",
        "sellingGeneralAndAdministrative": "1611000000",
        "researchAndDevelopment": "0",
        "operatingExpenses": "1611000000",
        "investmentIncomeNet": "None",
        "netInterestIncome": "None",
        "interestIncome": "None",
        "interestExpense": "1000000",
        "nonInterestIncome": "None",
        "otherNonOperatingIncome": "None",
        "depreciation": "None",
        "depreciationAndAmortization": "113000000",
        "incomeBeforeTax": "609000000",
        "incomeTaxExpense": "152000000",
        "interestAndDebtExpense": "None",
        "netIncomeFromContinuingOperations": "457000000",
        "comprehensiveIncomeNetOfTax": "None",
        "ebit": "610000000",
        "ebitda": "723000000",
        "netIncome": "457000000"
      },
      {
        "fiscalDateEnding": "2010-08-31",
        "reportedCurrency": "USD",
        "grossProfit": "2434000000",
        "totalRevenue": "5175000000",
        "costOfRevenue": "2741000000",
        "costofGoodsAndServicesSold": "2741000000",
        "operatingIncome": "761000000",
        "sellingGeneralAndAdministrative": "1673000000",
        "researchAndDevelopment": "0",
        "operatingExpenses": "1673000000",
        "investmentIncomeNet": "None",
        "netInterestIncome": "None",
        "interestIncome": "None",
        "interestExpense": "1000000",
        "nonInterestIncome": "None",
        "otherNonOperatingIncome": "None",
        "depreciation": "None",
        "depreciationAndAmortization": "62000000",
        "incomeBeforeTax": "755000000",
        "incomeTaxExpense": "196000000",
        "interestAndDebtExpense": "None",
        "netIncomeFromContinuingOperations": "559000000",
        "comprehensiveIncomeNetOfTax": "None",
        "ebit": "761000000",
        "ebitda": "823000000",
        "netIncome": "559000000"
      },
      {
        "fiscalDateEnding": "2010-05-31",
        "reportedCurrency": "USD",
        "grossProfit": "2406200000",
        "totalRevenue": "5076900000",
        "costOfRevenue": "2670700000",
        "costofGoodsAndServicesSold": "2670700000",
        "operatingIncome": "668300000",
        "sellingGeneralAndAdministrative": "1737900000",
        "researchAndDevelopment": "0",
        "operatingExpenses": "1737900000",
        "investmentIncomeNet": "None",
        "netInterestIncome": "None",
        "interestIncome": "None",
        "interestExpense": "9700000",
        "nonInterestIncome": "None",
        "otherNonOperatingIncome": "None",
        "depreciation": "None",
        "depreciationAndAmortization": "133200000",
        "incomeBeforeTax": "682800000",
        "incomeTaxExpense": "160900000",
        "interestAndDebtExpense": "None",
        "netIncomeFromContinuingOperations": "521900000",
        "comprehensiveIncomeNetOfTax": "None",
        "ebit": "668300000",
        "ebitda": "801500000",
        "netIncome": "521900000"
      },
      {
        "fiscalDateEnding": "2010-02-28",
        "reportedCurrency": "USD",
        "grossProfit": "2218000000",
        "totalRevenue": "4733000000",
        "costOfRevenue": "2515000000",
        "costofGoodsAndServicesSold": "2515000000",
        "operatingIncome": "655000000",
        "sellingGeneralAndAdministrative": "1563800000",
        "researchAndDevelopment": "0",
        "operatingExpenses": "1563000000",
        "investmentIncomeNet": "None",
        "netInterestIncome": "None",
        "interestIncome": "None",
        "interestExpense": "900000",
        "nonInterestIncome": "None",
        "otherNonOperatingIncome": "None",
        "depreciation": "None",
        "depreciationAndAmortization": "87000000",
        "incomeBeforeTax": "662000000",
        "incomeTaxExpense": "165000000",
        "interestAndDebtExpense": "None",
        "netIncomeFromContinuingOperations": "496400000",
        "comprehensiveIncomeNetOfTax": "None",
        "ebit": "655000000",
        "ebitda": "742000000",
        "netIncome": "497000000"
      },
      {
        "fiscalDateEnding": "2009-11-30",
        "reportedCurrency": "USD",
        "grossProfit": "1960000000",
        "totalRevenue": "4405000000",
        "costOfRevenue": "2445000000",
        "costofGoodsAndServicesSold": "2445000000",
        "operatingIncome": "481000000",
        "sellingGeneralAndAdministrative": "1478600000",
        "researchAndDevelopment": "0",
        "operatingExpenses": "1479000000",
        "investmentIncomeNet": "None",
        "netInterestIncome": "None",
        "interestIncome": "None",
        "interestExpense": "2000000",
        "nonInterestIncome": "None",
        "otherNonOperatingIncome": "None",
        "depreciation": "None",
        "depreciationAndAmortization": "94000000",
        "incomeBeforeTax": "491000000",
        "incomeTaxExpense": "116000000",
        "interestAndDebtExpense": "None",
        "netIncomeFromContinuingOperations": "375400000",
        "comprehensiveIncomeNetOfTax": "None",
        "ebit": "493000000",
        "ebitda": "587000000",
        "netIncome": "375000000"
      },
      {
        "fiscalDateEnding": "2009-08-31",
        "reportedCurrency": "USD",
        "grossProfit": "2216000000",
        "totalRevenue": "4799000000",
        "costOfRevenue": "2583000000",
        "costofGoodsAndServicesSold": "2583000000",
        "operatingIncome": "670000000",
        "sellingGeneralAndAdministrative": "1546100000",
        "researchAndDevelopment": "0",
        "operatingExpenses": "1546000000",
        "investmentIncomeNet": "None",
        "netInterestIncome": "None",
        "interestIncome": "None",
        "interestExpense": "1000000",
        "nonInterestIncome": "None",
        "otherNonOperatingIncome": "None",
        "depreciation": "None",
        "depreciationAndAmortization": "81000000",
        "incomeBeforeTax": "681000000",
        "incomeTaxExpense": "168000000",
        "interestAndDebtExpense": "None",
        "netIncomeFromContinuingOperations": "513000000",
        "comprehensiveIncomeNetOfTax": "None",
        "ebit": "670000000",
        "ebitda": "751000000",
        "netIncome": "513000000"
      },
      {
        "fiscalDateEnding": "2009-05-31",
        "reportedCurrency": "USD",
        "grossProfit": "2043800000",
        "totalRevenue": "4713000000",
        "costOfRevenue": "2669200000",
        "costofGoodsAndServicesSold": "2669200000",
        "operatingIncome": "649500000",
        "sellingGeneralAndAdministrative": "1394300000",
        "researchAndDevelopment": "0",
        "operatingExpenses": "1394300000",
        "investmentIncomeNet": "None",
        "netInterestIncome": "None",
        "interestIncome": "None",
        "interestExpense": "3000000",
        "nonInterestIncome": "None",
        "otherNonOperatingIncome": "None",
        "depreciation": "None",
        "depreciationAndAmortization": "128500000",
        "incomeBeforeTax": "486300000",
        "incomeTaxExpense": "144900000",
        "interestAndDebtExpense": "None",
        "netIncomeFromContinuingOperations": "0",
        "comprehensiveIncomeNetOfTax": "None",
        "ebit": "649500000",
        "ebitda": "778000000",
        "netIncome": "341400000"
      },
      {
        "fiscalDateEnding": "2009-02-28",
        "reportedCurrency": "USD",
        "grossProfit": "1948500000",
        "totalRevenue": "4440800000",
        "costOfRevenue": "2492300000",
        "costofGoodsAndServicesSold": "2492300000",
        "operatingIncome": "596400000",
        "sellingGeneralAndAdministrative": "1352100000",
        "researchAndDevelopment": "0",
        "operatingExpenses": "1352100000",
        "investmentIncomeNet": "None",
        "netInterestIncome": "None",
        "interestIncome": "None",
        "interestExpense": "3000000",
        "nonInterestIncome": "None",
        "otherNonOperatingIncome": "None",
        "depreciation": "None",
        "depreciationAndAmortization": "79900000",
        "incomeBeforeTax": "235400000",
        "incomeTaxExpense": "-8400000",
        "interestAndDebtExpense": "None",
        "netIncomeFromContinuingOperations": "0",
        "comprehensiveIncomeNetOfTax": "None",
        "ebit": "596400000",
        "ebitda": "676300000",
        "netIncome": "243800000"
      },
      {
        "fiscalDateEnding": "2008-11-30",
        "reportedCurrency": "USD",
        "grossProfit": "2050000000",
        "totalRevenue": "4590100000",
        "costOfRevenue": "2540100000",
        "costofGoodsAndServicesSold": "2540100000",
        "operatingIncome": "503200000",
        "sellingGeneralAndAdministrative": "1546800000",
        "researchAndDevelopment": "0",
        "operatingExpenses": "1546800000",
        "investmentIncomeNet": "None",
        "netInterestIncome": "None",
        "interestIncome": "None",
        "interestExpense": "0",
        "nonInterestIncome": "None",
        "otherNonOperatingIncome": "None",
        "depreciation": "None",
        "depreciationAndAmortization": "89600000",
        "incomeBeforeTax": "520600000",
        "incomeTaxExpense": "129600000",
        "interestAndDebtExpense": "None",
        "netIncomeFromContinuingOperations": "0",
        "comprehensiveIncomeNetOfTax": "None",
        "ebit": "503200000",
        "ebitda": "592800000",
        "netIncome": "391000000"
      },
      {
        "fiscalDateEnding": "2008-08-31",
        "reportedCurrency": "USD",
        "grossProfit": "2562100000",
        "totalRevenue": "5432200000",
        "costOfRevenue": "2870100000",
        "costofGoodsAndServicesSold": "2870100000",
        "operatingIncome": "705700000",
        "sellingGeneralAndAdministrative": "1856400000",
        "researchAndDevelopment": "0",
        "operatingExpenses": "1856400000",
        "investmentIncomeNet": "None",
        "netInterestIncome": "None",
        "interestIncome": "None",
        "interestExpense": "0",
        "nonInterestIncome": "None",
        "otherNonOperatingIncome": "None",
        "depreciation": "None",
        "depreciationAndAmortization": "85300000",
        "incomeBeforeTax": "714200000",
        "incomeTaxExpense": "203700000",
        "interestAndDebtExpense": "None",
        "netIncomeFromContinuingOperations": "0",
        "comprehensiveIncomeNetOfTax": "None",
        "ebit": "705700000",
        "ebitda": "791000000",
        "netIncome": "510500000"
      },
      {
        "fiscalDateEnding": "2008-05-31",
        "reportedCurrency": "USD",
        "grossProfit": "2331400000",
        "totalRevenue": "5088000000",
        "costOfRevenue": "2756600000",
        "costofGoodsAndServicesSold": "2756600000",
        "operatingIncome": "645100000",
        "sellingGeneralAndAdministrative": "1686300000",
        "researchAndDevelopment": "0",
        "operatingExpenses": "1686300000",
        "investmentIncomeNet": "None",
        "netInterestIncome": "None",
        "interestIncome": "None",
        "interestExpense": "38700000",
        "nonInterestIncome": "None",
        "otherNonOperatingIncome": "None",
        "depreciation": "None",
        "depreciationAndAmortization": "72600000",
        "incomeBeforeTax": "648300000",
        "incomeTaxExpense": "157800000",
        "interestAndDebtExpense": "None",
        "netIncomeFromContinuingOperations": "0",
        "comprehensiveIncomeNetOfTax": "None",
        "ebit": "645100000",
        "ebitda": "717700000",
        "netIncome": "490500000"
      },
      {
        "fiscalDateEnding": "2008-02-29",
        "reportedCurrency": "USD",
        "grossProfit": "2047900000",
        "totalRevenue": "4544400000",
        "costOfRevenue": "2496500000",
        "costofGoodsAndServicesSold": "2496500000",
        "operatingIncome": "644700000",
        "sellingGeneralAndAdministrative": "1403200000",
        "researchAndDevelopment": "0",
        "operatingExpenses": "1403200000",
        "investmentIncomeNet": "None",
        "netInterestIncome": "None",
        "interestIncome": "None",
        "interestExpense": "0",
        "nonInterestIncome": "None",
        "otherNonOperatingIncome": "None",
        "depreciation": "None",
        "depreciationAndAmortization": "91500000",
        "incomeBeforeTax": "668700000",
        "incomeTaxExpense": "204900000",
        "interestAndDebtExpense": "None",
        "netIncomeFromContinuingOperations": "0",
        "comprehensiveIncomeNetOfTax": "None",
        "ebit": "644700000",
        "ebitda": "736200000",
        "netIncome": "463800000"
      },
      {
        "fiscalDateEnding": "2007-11-30",
        "reportedCurrency": "USD",
        "grossProfit": "1921100000",
        "totalRevenue": "4339500000",
        "costOfRevenue": "2418400000",
        "costofGoodsAndServicesSold": "2418400000",
        "operatingIncome": "491600000",
        "sellingGeneralAndAdministrative": "1403200000",
        "researchAndDevelopment": "0",
        "operatingExpenses": "1429500000",
        "investmentIncomeNet": "None",
        "netInterestIncome": "None",
        "interestIncome": "None",
        "interestExpense": "0",
        "nonInterestIncome": "None",
        "otherNonOperatingIncome": "None",
        "depreciation": "None",
        "depreciationAndAmortization": "85800000",
        "incomeBeforeTax": "515600000",
        "incomeTaxExpense": "156200000",
        "interestAndDebtExpense": "None",
        "netIncomeFromContinuingOperations": "0",
        "comprehensiveIncomeNetOfTax": "None",
        "ebit": "491600000",
        "ebitda": "577400000",
        "netIncome": "359400000"
      },
      {
        "fiscalDateEnding": "2007-08-31",
        "reportedCurrency": "USD",
        "grossProfit": "2087000000",
        "totalRevenue": "4655100000",
        "costOfRevenue": "2568100000",
        "costofGoodsAndServicesSold": "2568100000",
        "operatingIncome": "652300000",
        "sellingGeneralAndAdministrative": "1434700000",
        "researchAndDevelopment": "0",
        "operatingExpenses": "1434700000",
        "investmentIncomeNet": "None",
        "netInterestIncome": "None",
        "interestIncome": "None",
        "interestExpense": "0",
        "nonInterestIncome": "None",
        "otherNonOperatingIncome": "None",
        "depreciation": "None",
        "depreciationAndAmortization": "71600000",
        "incomeBeforeTax": "670300000",
        "incomeTaxExpense": "100600000",
        "interestAndDebtExpense": "None",
        "netIncomeFromContinuingOperations": "0",
        "comprehensiveIncomeNetOfTax": "None",
        "ebit": "652300000",
        "ebitda": "723900000",
        "netIncome": "569700000"
      },
      {
        "fiscalDateEnding": "2007-05-31",
        "reportedCurrency": "USD",
        "grossProfit": "1919000000",
        "totalRevenue": "4383200000",
        "costOfRevenue": "2464200000",
        "costofGoodsAndServicesSold": "2464200000",
        "operatingIncome": "647000000",
        "sellingGeneralAndAdministrative": "1272000000",
        "researchAndDevelopment": "0",
        "operatingExpenses": "1272000000",
        "investmentIncomeNet": "None",
        "netInterestIncome": "None",
        "interestIncome": "None",
        "interestExpense": "5600000",
        "nonInterestIncome": "None",
        "otherNonOperatingIncome": "None",
        "depreciation": "None",
        "depreciationAndAmortization": "81000000",
        "incomeBeforeTax": "658800000",
        "incomeTaxExpense": "220900000",
        "interestAndDebtExpense": "None",
        "netIncomeFromContinuingOperations": "0",
        "comprehensiveIncomeNetOfTax": "None",
        "ebit": "647000000",
        "ebitda": "728000000",
        "netIncome": "437900000"
      },
      {
        "fiscalDateEnding": "2007-02-28",
        "reportedCurrency": "USD",
        "grossProfit": "1735200000",
        "totalRevenue": "3926900000",
        "costOfRevenue": "2191700000",
        "costofGoodsAndServicesSold": "2191700000",
        "operatingIncome": "491900000",
        "sellingGeneralAndAdministrative": "1243300000",
        "researchAndDevelopment": "0",
        "operatingExpenses": "1243300000",
        "investmentIncomeNet": "None",
        "netInterestIncome": "None",
        "interestIncome": "None",
        "interestExpense": "15800000",
        "nonInterestIncome": "None",
        "otherNonOperatingIncome": "None",
        "depreciation": "None",
        "depreciationAndAmortization": "46900000",
        "incomeBeforeTax": "518000000",
        "incomeTaxExpense": "167200000",
        "interestAndDebtExpense": "None",
        "netIncomeFromContinuingOperations": "0",
        "comprehensiveIncomeNetOfTax": "None",
        "ebit": "491900000",
        "ebitda": "538800000",
        "netIncome": "350800000"
      },
      {
        "fiscalDateEnding": "2006-11-30",
        "reportedCurrency": "USD",
        "grossProfit": "1657100000",
        "totalRevenue": "3821700000",
        "costOfRevenue": "2164600000",
        "costofGoodsAndServicesSold": "2164600000",
        "operatingIncome": "433400000",
        "sellingGeneralAndAdministrative": "1243300000",
        "researchAndDevelopment": "0",
        "operatingExpenses": "1223700000",
        "investmentIncomeNet": "None",
        "netInterestIncome": "None",
        "interestIncome": "None",
        "interestExpense": "13000000",
        "nonInterestIncome": "None",
        "otherNonOperatingIncome": "None",
        "depreciation": "None",
        "depreciationAndAmortization": "68300000",
        "incomeBeforeTax": "447300000",
        "incomeTaxExpense": "121700000",
        "interestAndDebtExpense": "None",
        "netIncomeFromContinuingOperations": "0",
        "comprehensiveIncomeNetOfTax": "None",
        "ebit": "433400000",
        "ebitda": "501700000",
        "netIncome": "325600000"
      },
      {
        "fiscalDateEnding": "2006-08-31",
        "reportedCurrency": "USD",
        "grossProfit": "1849200000",
        "totalRevenue": "4194100000",
        "costOfRevenue": "2344900000",
        "costofGoodsAndServicesSold": "2344900000",
        "operatingIncome": "559500000",
        "sellingGeneralAndAdministrative": "1223700000",
        "researchAndDevelopment": "0",
        "operatingExpenses": "1289700000",
        "investmentIncomeNet": "None",
        "netInterestIncome": "None",
        "interestIncome": "None",
        "interestExpense": "15300000",
        "nonInterestIncome": "None",
        "otherNonOperatingIncome": "None",
        "depreciation": "None",
        "depreciationAndAmortization": "74000000",
        "incomeBeforeTax": "575800000",
        "incomeTaxExpense": "198600000",
        "interestAndDebtExpense": "None",
        "netIncomeFromContinuingOperations": "0",
        "comprehensiveIncomeNetOfTax": "None",
        "ebit": "559500000",
        "ebitda": "633500000",
        "netIncome": "377200000"
      },
      {
        "fiscalDateEnding": "2006-05-31",
        "reportedCurrency": "USD",
        "grossProfit": "1753400000",
        "totalRevenue": "4005400000",
        "costOfRevenue": "2252000000",
        "costofGoodsAndServicesSold": "2252000000",
        "operatingIncome": "521300000",
        "sellingGeneralAndAdministrative": "1232100000",
        "researchAndDevelopment": "0",
        "operatingExpenses": "1232100000",
        "investmentIncomeNet": "None",
        "netInterestIncome": "None",
        "interestIncome": "None",
        "interestExpense": "36800000",
        "nonInterestIncome": "None",
        "otherNonOperatingIncome": "None",
        "depreciation": "None",
        "depreciationAndAmortization": "57200000",
        "incomeBeforeTax": "511200000",
        "incomeTaxExpense": "178400000",
        "interestAndDebtExpense": "None",
        "netIncomeFromContinuingOperations": "0",
        "comprehensiveIncomeNetOfTax": "None",
        "ebit": "521300000",
        "ebitda": "578500000",
        "netIncome": "332800000"
      },
      {
        "fiscalDateEnding": "2006-02-28",
        "reportedCurrency": "USD",
        "grossProfit": "1574100000",
        "totalRevenue": "3612800000",
        "costOfRevenue": "2038700000",
        "costofGoodsAndServicesSold": "2038700000",
        "operatingIncome": "487500000",
        "sellingGeneralAndAdministrative": "1086600000",
        "researchAndDevelopment": "0",
        "operatingExpenses": "1086600000",
        "investmentIncomeNet": "None",
        "netInterestIncome": "None",
        "interestIncome": "None",
        "interestExpense": "12100000",
        "nonInterestIncome": "None",
        "otherNonOperatingIncome": "None",
        "depreciation": "None",
        "depreciationAndAmortization": "90600000",
        "incomeBeforeTax": "506600000",
        "incomeTaxExpense": "180800000",
        "interestAndDebtExpense": "None",
        "netIncomeFromContinuingOperations": "0",
        "comprehensiveIncomeNetOfTax": "None",
        "ebit": "487500000",
        "ebitda": "578100000",
        "netIncome": "325800000"
      },
      {
        "fiscalDateEnding": "2005-11-30",
        "reportedCurrency": "USD",
        "grossProfit": "1511400000",
        "totalRevenue": "3474700000",
        "costOfRevenue": "1963300000",
        "costofGoodsAndServicesSold": "1963300000",
        "operatingIncome": "456700000",
        "sellingGeneralAndAdministrative": "1086600000",
        "researchAndDevelopment": "0",
        "operatingExpenses": "1054700000",
        "investmentIncomeNet": "None",
        "netInterestIncome": "None",
        "interestIncome": "None",
        "interestExpense": "12900000",
        "nonInterestIncome": "None",
        "otherNonOperatingIncome": "None",
        "depreciation": "None",
        "depreciationAndAmortization": "73500000",
        "incomeBeforeTax": "463800000",
        "incomeTaxExpense": "162700000",
        "interestAndDebtExpense": "None",
        "netIncomeFromContinuingOperations": "0",
        "comprehensiveIncomeNetOfTax": "None",
        "ebit": "456700000",
        "ebitda": "530200000",
        "netIncome": "301100000"
      },
      {
        "fiscalDateEnding": "2005-08-31",
        "reportedCurrency": "USD",
        "grossProfit": "1748100000",
        "totalRevenue": "3862000000",
        "costOfRevenue": "2113900000",
        "costofGoodsAndServicesSold": "2113900000",
        "operatingIncome": "643700000",
        "sellingGeneralAndAdministrative": "1104400000",
        "researchAndDevelopment": "0",
        "operatingExpenses": "1104400000",
        "investmentIncomeNet": "None",
        "netInterestIncome": "None",
        "interestIncome": "None",
        "interestExpense": "11300000",
        "nonInterestIncome": "None",
        "otherNonOperatingIncome": "None",
        "depreciation": "None",
        "depreciationAndAmortization": "69600000",
        "incomeBeforeTax": "660000000",
        "incomeTaxExpense": "227700000",
        "interestAndDebtExpense": "None",
        "netIncomeFromContinuingOperations": "0",
        "comprehensiveIncomeNetOfTax": "None",
        "ebit": "643700000",
        "ebitda": "713300000",
        "netIncome": "432300000"
      }
    ]
  },
  "BALANCE_SHEET": {
    "symbol": "NKE",
    "annualReports": [
      {
        "fiscalDateEnding": "2025-05-31",
        "reportedCurrency": "USD",
        "totalAssets": "36579000000",
        "totalCurrentAssets": "23362000000",
        "cashAndCashEquivalentsAtCarryingValue": "7464000000",
        "cashAndShortTermInvestments": "7464000000",
        "inventory": "7489000000",
        "currentNetReceivables": "4717000000",
        "totalNonCurrentAssets": "13217000000",
        "propertyPlantEquipment": "7540000000",
        "accumulatedDepreciationAmortizationPPE": "None",
        "intangibleAssets": "259000000",
        "intangibleAssetsExcludingGoodwill": "259000000",
        "goodwill": "240000000",
        "investments": "None",
        "longTermInvestments": "None",
        "shortTermInvestments": "1687000000",
        "otherCurrentAssets": "2005000000",
        "otherNonCurrentAssets": "None",
        "totalLiabilities": "23366000000",
        "totalCurrentLiabilities": "10566000000",
        "currentAccountsPayable": "3479000000",
        "deferredRevenue": "None",
        "currentDebt": "None",
        "shortTermDebt": "507000000",
        "totalNonCurrentLiabilities": "12800000000",
        "capitalLeaseObligations": "3052000000",
        "longTermDebt": "7961000000",
        "currentLongTermDebt": "5000000",
        "longTermDebtNoncurrent": "None",
        "shortLongTermDebtTotal": "11018000000",
        "otherCurrentLiabilities": "5911000000",
        "otherNonCurrentLiabilities": "2289000000",
        "totalShareholderEquity": "13213000000",
        "treasuryStock": "None",
        "retainedEarnings": "-727000000",
        "commonStock": "3000000",
        "commonStockSharesOutstanding": "1487600000"
      },
      {
        "fiscalDateEnding": "2024-05-31",
        "reportedCurrency": "USD",
        "totalAssets": "38110000000",
        "totalCurrentAssets": "25382000000",
        "cashAndCashEquivalentsAtCarryingValue": "9860000000",
        "cashAndShortTermInvestments": "9860000000",
        "inventory": "7519000000",
        "currentNetReceivables": "4427000000",
        "totalNonCurrentAssets": "12728000000",
        "propertyPlantEquipment": "7718000000",
        "accumulatedDepreciationAmortizationPPE": "None",
        "intangibleAssets": "259000000",
        "intangibleAssetsExcludingGoodwill": "259000000",
        "goodwill": "240000000",
        "investments": "None",
        "longTermInvestments": "None",
        "shortTermInvestments": "1722000000",
        "otherCurrentAssets": "1854000000",
        "otherNonCurrentAssets": "None",
        "totalLiabilities": "23680000000",
        "totalCurrentLiabilities": "10593000000",
        "currentAccountsPayable": "2851000000",
        "deferredRevenue": "None",
        "currentDebt": "None",
        "shortTermDebt": "1483000000",
        "totalNonCurrentLiabilities": "13087000000",
        "capitalLeaseObligations": "3043000000",
        "longTermDebt": "7903000000",
        "currentLongTermDebt": "1006000000",
        "longTermDebtNoncurrent": "None",
        "shortLongTermDebtTotal": "11952000000",
        "otherCurrentLiabilities": "5725000000",
        "otherNonCurrentLiabilities": "2618000000",
        "totalShareholderEquity": "14430000000",
        "treasuryStock": "None",
        "retainedEarnings": "965000000",
        "commonStock": "3000000",
        "commonStockSharesOutstanding": "1529700000"
      },
      {
        "fiscalDateEnding": "2023-05-31",
        "reportedCurrency": "USD",
        "totalAssets": "37531000000",
        "totalCurrentAssets": "25202000000",
        "cashAndCashEquivalentsAtCarryingValue": "7441000000",
        "cashAndShortTermInvestments": "7441000000",
        "inventory": "8454000000",
        "currentNetReceivables": "4131000000",
        "totalNonCurrentAssets": "12329000000",
        "propertyPlantEquipment": "8004000000",
        "accumulatedDepreciationAmortizationPPE": "None",
        "intangibleAssets": "274000000",
        "intangibleAssetsExcludingGoodwill": "274000000",
        "goodwill": "281000000",
        "investments": "None",
        "longTermInvestments": "None",
        "shortTermInvestments": "3234000000",
        "otherCurrentAssets": "1942000000",
        "otherNonCurrentAssets": "None",
        "totalLiabilities": "23527000000",
        "totalCurrentLiabilities": "9256000000",
        "currentAccountsPayable": "2862000000",
        "deferredRevenue": "None",
        "currentDebt": "None",
        "shortTermDebt": "431000000",
        "totalNonCurrentLiabilities": "14271000000",
        "capitalLeaseObligations": "3211000000",
        "longTermDebt": "8927000000",
        "currentLongTermDebt": "6000000",
        "longTermDebtNoncurrent": "None",
        "shortLongTermDebtTotal": "12144000000",
        "otherCurrentLiabilities": "5723000000",
        "otherNonCurrentLiabilities": "2558000000",
        "totalShareholderEquity": "14004000000",
        "treasuryStock": "None",
        "retainedEarnings": "1358000000",
        "commonStock": "3000000",
        "commonStockSharesOutstanding": "1569800000"
      },
      {
        "fiscalDateEnding": "2022-05-31",
        "reportedCurrency": "USD",
        "totalAssets": "40321000000",
        "totalCurrentAssets": "28213000000",
        "cashAndCashEquivalentsAtCarryingValue": "8574000000",
        "cashAndShortTermInvestments": "8574000000",
        "inventory": "8420000000",
        "currentNetReceivables": "4667000000",
        "totalNonCurrentAssets": "12108000000",
        "propertyPlantEquipment": "4791000000",
        "accumulatedDepreciationAmortizationPPE": "5306000000",
        "intangibleAssets": "286000000",
        "intangibleAssetsExcludingGoodwill": "286000000",
        "goodwill": "284000000",
        "investments": "None",
        "longTermInvestments": "None",
        "shortTermInvestments": "4423000000",
        "otherCurrentAssets": "2129000000",
        "otherNonCurrentAssets": "None",
        "totalLiabilities": "25040000000",
        "totalCurrentLiabilities": "10730000000",
        "currentAccountsPayable": "3358000000",
        "deferredRevenue": "None",
        "currentDebt": "None",
        "shortTermDebt": "930000000",
        "totalNonCurrentLiabilities": "14310000000",
        "capitalLeaseObligations": "3197000000",
        "longTermDebt": "8920000000",
        "currentLongTermDebt": "510000000",
        "longTermDebtNoncurrent": "None",
        "shortLongTermDebtTotal": "12627000000",
        "otherCurrentLiabilities": "6220000000",
        "otherNonCurrentLiabilities": "2613000000",
        "totalShareholderEquity": "15281000000",
        "treasuryStock": "None",
        "retainedEarnings": "3476000000",
        "commonStock": "3000000",
        "commonStockSharesOutstanding": "1610800000"
      },
      {
        "fiscalDateEnding": "2021-05-31",
        "reportedCurrency": "USD",
        "totalAssets": "37740000000",
        "totalCurrentAssets": "26291000000",
        "cashAndCashEquivalentsAtCarryingValue": "9889000000",
        "cashAndShortTermInvestments": "9889000000",
        "inventory": "6854000000",
        "currentNetReceivables": "4463000000",
        "totalNonCurrentAssets": "11449000000",
        "propertyPlantEquipment": "8017000000",
        "accumulatedDepreciationAmortizationPPE": "5157000000",
        "intangibleAssets": "269000000",
        "intangibleAssetsExcludingGoodwill": "269000000",
        "goodwill": "242000000",
        "investments": "None",
        "longTermInvestments": "None",
        "shortTermInvestments": "3587000000",
        "otherCurrentAssets": "1498000000",
        "otherNonCurrentAssets": "None",
        "totalLiabilities": "24973000000",
        "totalCurrentLiabilities": "9674000000",
        "currentAccountsPayable": "2836000000",
        "deferredRevenue": "None",
        "currentDebt": "None",
        "shortTermDebt": "469000000",
        "totalNonCurrentLiabilities": "15299000000",
        "capitalLeaseObligations": "3398000000",
        "longTermDebt": "9413000000",
        "currentLongTermDebt": "2000000",
        "longTermDebtNoncurrent": "None",
        "shortLongTermDebtTotal": "9882000000",
        "otherCurrentLiabilities": "6063000000",
        "otherNonCurrentLiabilities": "2955000000",
        "totalShareholderEquity": "12767000000",
        "treasuryStock": "None",
        "retainedEarnings": "3179000000",
        "commonStock": "3000000",
        "commonStockSharesOutstanding": "1609400000"
      },
      {
        "fiscalDateEnding": "2020-05-31",
        "reportedCurrency": "USD",
        "totalAssets": "31342000000",
        "totalCurrentAssets": "20556000000",
        "cashAndCashEquivalentsAtCarryingValue": "8348000000",
        "cashAndShortTermInvestments": "8348000000",
        "inventory": "7367000000",
        "currentNetReceivables": "2749000000",
        "totalNonCurrentAssets": "10786000000",
        "propertyPlantEquipment": "4866000000",
        "accumulatedDepreciationAmortizationPPE": "4795000000",
        "intangibleAssets": "274000000",
        "intangibleAssetsExcludingGoodwill": "274000000",
        "goodwill": "223000000",
        "investments": "None",
        "longTermInvestments": "None",
        "shortTermInvestments": "439000000",
        "otherCurrentAssets": "1653000000",
        "otherNonCurrentAssets": "None",
        "totalLiabilities": "23287000000",
        "totalCurrentLiabilities": "8284000000",
        "currentAccountsPayable": "2248000000",
        "deferredRevenue": "None",
        "currentDebt": "None",
        "shortTermDebt": "696000000",
        "totalNonCurrentLiabilities": "15003000000",
        "capitalLeaseObligations": "3358000000",
        "longTermDebt": "9406000000",
        "currentLongTermDebt": "251000000",
        "longTermDebtNoncurrent": "None",
        "shortLongTermDebtTotal": "13015000000",
        "otherCurrentLiabilities": "4982000000",
        "otherNonCurrentLiabilities": "2684000000",
        "totalShareholderEquity": "8055000000",
        "treasuryStock": "None",
        "retainedEarnings": "-191000000",
        "commonStock": "3000000",
        "commonStockSharesOutstanding": "1591600000"
      },
      {
        "fiscalDateEnding": "2019-05-31",
        "reportedCurrency": "USD",
        "totalAssets": "23717000000",
        "totalCurrentAssets": "16525000000",
        "cashAndCashEquivalentsAtCarryingValue": "4466000000",
        "cashAndShortTermInvestments": "4466000000",
        "inventory": "5622000000",
        "currentNetReceivables": "4272000000",
        "totalNonCurrentAssets": "7192000000",
        "propertyPlantEquipment": "4744000000",
        "accumulatedDepreciationAmortizationPPE": "4725000000",
        "intangibleAssets": "283000000",
        "intangibleAssetsExcludingGoodwill": "283000000",
        "goodwill": "154000000",
        "investments": "None",
        "longTermInvestments": "None",
        "shortTermInvestments": "197000000",
        "otherCurrentAssets": "1968000000",
        "otherNonCurrentAssets": "None",
        "totalLiabilities": "14677000000",
        "totalCurrentLiabilities": "7866000000",
        "currentAccountsPayable": "2612000000",
        "deferredRevenue": "None",
        "currentDebt": "None",
        "shortTermDebt": "15000000",
        "totalNonCurrentLiabilities": "6811000000",
        "capitalLeaseObligations": "None",
        "longTermDebt": "3464000000",
        "currentLongTermDebt": "15000000",
        "longTermDebtNoncurrent": "None",
        "shortLongTermDebtTotal": "3479000000",
        "otherCurrentLiabilities": "4776000000",
        "otherNonCurrentLiabilities": "3347000000",
        "totalShareholderEquity": "9040000000",
        "treasuryStock": "None",
        "retainedEarnings": "1643000000",
        "commonStock": "3000000",
        "commonStockSharesOutstanding": "1618400000"
      },
      {
        "fiscalDateEnding": "2018-05-31",
        "reportedCurrency": "USD",
        "totalAssets": "22536000000",
        "totalCurrentAssets": "15134000000",
        "cashAndCashEquivalentsAtCarryingValue": "4249000000",
        "cashAndShortTermInvestments": "4249000000",
        "inventory": "5261000000",
        "currentNetReceivables": "3498000000",
        "totalNonCurrentAssets": "7402000000",
        "propertyPlantEquipment": "4454000000",
        "accumulatedDepreciationAmortizationPPE": "4437000000",
        "intangibleAssets": "285000000",
        "intangibleAssetsExcludingGoodwill": "285000000",
        "goodwill": "154000000",
        "investments": "None",
        "longTermInvestments": "None",
        "shortTermInvestments": "996000000",
        "otherCurrentAssets": "1130000000",
        "otherNonCurrentAssets": "None",
        "totalLiabilities": "12724000000",
        "totalCurrentLiabilities": "6040000000",
        "currentAccountsPayable": "2279000000",
        "deferredRevenue": "None",
        "currentDebt": "None",
        "shortTermDebt": "342000000",
        "totalNonCurrentLiabilities": "6684000000",
        "capitalLeaseObligations": "None",
        "longTermDebt": "3468000000",
        "currentLongTermDebt": "342000000",
        "longTermDebtNoncurrent": "None",
        "shortLongTermDebtTotal": "3810000000",
        "otherCurrentLiabilities": "3045000000",
        "otherNonCurrentLiabilities": "None",
        "totalShareholderEquity": "9812000000",
        "treasuryStock": "0",
        "retainedEarnings": "3517000000",
        "commonStock": "3000000",
        "commonStockSharesOutstanding": "1659100000"
      },
      {
        "fiscalDateEnding": "2017-05-31",
        "reportedCurrency": "USD",
        "totalAssets": "23259000000",
        "totalCurrentAssets": "16061000000",
        "cashAndCashEquivalentsAtCarryingValue": "3808000000",
        "cashAndShortTermInvestments": "3808000000",
        "inventory": "5055000000",
        "currentNetReceivables": "3677000000",
        "totalNonCurrentAssets": "7198000000",
        "propertyPlantEquipment": "3989000000",
        "accumulatedDepreciationAmortizationPPE": "3969000000",
        "intangibleAssets": "283000000",
        "intangibleAssetsExcludingGoodwill": "283000000",
        "goodwill": "139000000",
        "investments": "None",
        "longTermInvestments": "None",
        "shortTermInvestments": "2371000000",
        "otherCurrentAssets": "1150000000",
        "otherNonCurrentAssets": "None",
        "totalLiabilities": "10852000000",
        "totalCurrentLiabilities": "5474000000",
        "currentAccountsPayable": "2048000000",
        "deferredRevenue": "None",
        "currentDebt": "None",
        "shortTermDebt": "331000000",
        "totalNonCurrentLiabilities": "5378000000",
        "capitalLeaseObligations": "None",
        "longTermDebt": "3471000000",
        "currentLongTermDebt": "331000000",
        "longTermDebtNoncurrent": "None",
        "shortLongTermDebtTotal": "3802000000",
        "otherCurrentLiabilities": "2815000000",
        "otherNonCurrentLiabilities": "None",
        "totalShareholderEquity": "12407000000",
        "treasuryStock": "0",
        "retainedEarnings": "3979000000",
        "commonStock": "3000000",
        "commonStockSharesOutstanding": "1692000000"
      },
      {
        "fiscalDateEnding": "2016-05-31",
        "reportedCurrency": "USD",
        "totalAssets": "21396000000",
        "totalCurrentAssets": "15025000000",
        "cashAndCashEquivalentsAtCarryingValue": "3138000000",
        "cashAndShortTermInvestments": "3138000000",
        "inventory": "4838000000",
        "currentNetReceivables": "3241000000",
        "totalNonCurrentAssets": "6371000000",
        "propertyPlantEquipment": "3520000000",
        "accumulatedDepreciationAmortizationPPE": "3518000000",
        "intangibleAssets": "281000000",
        "intangibleAssetsExcludingGoodwill": "281000000",
        "goodwill": "131000000",
        "investments": "None",
        "longTermInvestments": "None",
        "shortTermInvestments": "2319000000",
        "otherCurrentAssets": "1489000000",
        "otherNonCurrentAssets": "None",
        "totalLiabilities": "9138000000",
        "totalCurrentLiabilities": "5358000000",
        "currentAccountsPayable": "2191000000",
        "deferredRevenue": "None",
        "currentDebt": "None",
        "shortTermDebt": "45000000",
        "totalNonCurrentLiabilities": "3780000000",
        "capitalLeaseObligations": "None",
        "longTermDebt": "2010000000",
        "currentLongTermDebt": "45000000",
        "longTermDebtNoncurrent": "None",
        "shortLongTermDebtTotal": "2055000000",
        "otherCurrentLiabilities": "2878000000",
        "otherNonCurrentLiabilities": "None",
        "totalShareholderEquity": "12258000000",
        "treasuryStock": "0",
        "retainedEarnings": "4151000000",
        "commonStock": "3000000",
        "commonStockSharesOutstanding": "1742500000"
      },
      {
        "fiscalDateEnding": "2015-05-31",
        "reportedCurrency": "USD",
        "totalAssets": "21600000000",
        "totalCurrentAssets": "15976000000",
        "cashAndCashEquivalentsAtCarryingValue": "3852000000",
        "cashAndShortTermInvestments": "3852000000",
        "inventory": "4337000000",
        "currentNetReceivables": "3358000000",
        "totalNonCurrentAssets": "5624000000",
        "propertyPlantEquipment": "3011000000",
        "accumulatedDepreciationAmortizationPPE": "3341000000",
        "intangibleAssets": "281000000",
        "intangibleAssetsExcludingGoodwill": "281000000",
        "goodwill": "131000000",
        "investments": "None",
        "longTermInvestments": "None",
        "shortTermInvestments": "2072000000",
        "otherCurrentAssets": "2357000000",
        "otherNonCurrentAssets": "None",
        "totalLiabilities": "8893000000",
        "totalCurrentLiabilities": "6334000000",
        "currentAccountsPayable": "2131000000",
        "deferredRevenue": "None",
        "currentDebt": "None",
        "shortTermDebt": "181000000",
        "totalNonCurrentLiabilities": "2559000000",
        "capitalLeaseObligations": "None",
        "longTermDebt": "1079000000",
        "currentLongTermDebt": "107000000",
        "longTermDebtNoncurrent": "None",
        "shortLongTermDebtTotal": "1260000000",
        "otherCurrentLiabilities": "3777000000",
        "otherNonCurrentLiabilities": "None",
        "totalShareholderEquity": "12707000000",
        "treasuryStock": "0",
        "retainedEarnings": "4685000000",
        "commonStock": "3000000",
        "commonStockSharesOutstanding": "1768800000"
      },
      {
        "fiscalDateEnding": "2014-05-31",
        "reportedCurrency": "USD",
        "totalAssets": "18594000000",
        "totalCurrentAssets": "13696000000",
        "cashAndCashEquivalentsAtCarryingValue": "2220000000",
        "cashAndShortTermInvestments": "2220000000",
        "inventory": "3947000000",
        "currentNetReceivables": "3434000000",
        "totalNonCurrentAssets": "4898000000",
        "propertyPlantEquipment": "2834000000",
        "accumulatedDepreciationAmortizationPPE": "3386000000",
        "intangibleAssets": "282000000",
        "intangibleAssetsExcludingGoodwill": "282000000",
        "goodwill": "131000000",
        "investments": "None",
        "longTermInvestments": "None",
        "shortTermInvestments": "2922000000",
        "otherCurrentAssets": "1173000000",
        "otherNonCurrentAssets": "None",
        "totalLiabilities": "7770000000",
        "totalCurrentLiabilities": "5027000000",
        "currentAccountsPayable": "1930000000",
        "deferredRevenue": "None",
        "currentDebt": "None",
        "shortTermDebt": "174000000",
        "totalNonCurrentLiabilities": "2743000000",
        "capitalLeaseObligations": "None",
        "longTermDebt": "1199000000",
        "currentLongTermDebt": "1507000000",
        "longTermDebtNoncurrent": "None",
        "shortLongTermDebtTotal": "1373000000",
        "otherCurrentLiabilities": "2287000000",
        "otherNonCurrentLiabilities": "None",
        "totalShareholderEquity": "10824000000",
        "treasuryStock": "0",
        "retainedEarnings": "4871000000",
        "commonStock": "3000000",
        "commonStockSharesOutstanding": "1811600000"
      },
      {
        "fiscalDateEnding": "2013-05-31",
        "reportedCurrency": "USD",
        "totalAssets": "17584000000",
        "totalCurrentAssets": "13626000000",
        "cashAndCashEquivalentsAtCarryingValue": "3337000000",
        "cashAndShortTermInvestments": "3337000000",
        "inventory": "3434000000",
        "currentNetReceivables": "3117000000",
        "totalNonCurrentAssets": "3958000000",
        "propertyPlantEquipment": "2452000000",
        "accumulatedDepreciationAmortizationPPE": "3048000000",
        "intangibleAssets": "382000000",
        "intangibleAssetsExcludingGoodwill": "382000000",
        "goodwill": "131000000",
        "investments": "None",
        "longTermInvestments": "None",
        "shortTermInvestments": "2628000000",
        "otherCurrentAssets": "1110000000",
        "otherNonCurrentAssets": "None",
        "totalLiabilities": "6428000000",
        "totalCurrentLiabilities": "3926000000",
        "currentAccountsPayable": "1646000000",
        "deferredRevenue": "None",
        "currentDebt": "None",
        "shortTermDebt": "178000000",
        "totalNonCurrentLiabilities": "2502000000",
        "capitalLeaseObligations": "None",
        "longTermDebt": "1210000000",
        "currentLongTermDebt": "None",
        "longTermDebtNoncurrent": "None",
        "shortLongTermDebtTotal": "1388000000",
        "otherCurrentLiabilities": "1812000000",
        "otherNonCurrentLiabilities": "None",
        "totalShareholderEquity": "11156000000",
        "treasuryStock": "0",
        "retainedEarnings": "5695000000",
        "commonStock": "3000000",
        "commonStockSharesOutstanding": "1832800000"
      },
      {
        "fiscalDateEnding": "2012-05-31",
        "reportedCurrency": "USD",
        "totalAssets": "15465000000",
        "totalCurrentAssets": "11531000000",
        "cashAndCashEquivalentsAtCarryingValue": "2317000000",
        "cashAndShortTermInvestments": "2317000000",
        "inventory": "3350000000",
        "currentNetReceivables": "3280000000",
        "totalNonCurrentAssets": "3934000000",
        "propertyPlantEquipment": "2209000000",
        "accumulatedDepreciationAmortizationPPE": "2965000000",
        "intangibleAssets": "535000000",
        "intangibleAssetsExcludingGoodwill": "535000000",
        "goodwill": "201000000",
        "investments": "None",
        "longTermInvestments": "None",
        "shortTermInvestments": "1440000000",
        "otherCurrentAssets": "1144000000",
        "otherNonCurrentAssets": "None",
        "totalLiabilities": "5084000000",
        "totalCurrentLiabilities": "3865000000",
        "currentAccountsPayable": "1588000000",
        "deferredRevenue": "None",
        "currentDebt": "None",
        "shortTermDebt": "157000000",
        "totalNonCurrentLiabilities": "1219000000",
        "capitalLeaseObligations": "None",
        "longTermDebt": "228000000",
        "currentLongTermDebt": "None",
        "longTermDebtNoncurrent": "None",
        "shortLongTermDebtTotal": "385000000",
        "otherCurrentLiabilities": "1874000000",
        "otherNonCurrentLiabilities": "None",
        "totalShareholderEquity": "10381000000",
        "treasuryStock": "0",
        "retainedEarnings": "5588000000",
        "commonStock": "3000000",
        "commonStockSharesOutstanding": "1879200000"
      },
      {
        "fiscalDateEnding": "2011-05-31",
        "reportedCurrency": "USD",
        "totalAssets": "14998000000",
        "totalCurrentAssets": "11297000000",
        "cashAndCashEquivalentsAtCarryingValue": "1955000000",
        "cashAndShortTermInvestments": "1955000000",
        "inventory": "2715000000",
        "currentNetReceivables": "3138000000",
        "totalNonCurrentAssets": "3701000000",
        "propertyPlantEquipment": "2115000000",
        "accumulatedDepreciationAmortizationPPE": "2791000000",
        "intangibleAssets": "487000000",
        "intangibleAssetsExcludingGoodwill": "487000000",
        "goodwill": "205000000",
        "investments": "None",
        "longTermInvestments": "None",
        "shortTermInvestments": "2583000000",
        "otherCurrentAssets": "906000000",
        "otherNonCurrentAssets": "None",
        "totalLiabilities": "5155000000",
        "totalCurrentLiabilities": "3958000000",
        "currentAccountsPayable": "1469000000",
        "deferredRevenue": "None",
        "currentDebt": "None",
        "shortTermDebt": "387000000",
        "totalNonCurrentLiabilities": "1197000000",
        "capitalLeaseObligations": "None",
        "longTermDebt": "276000000",
        "currentLongTermDebt": "None",
        "longTermDebtNoncurrent": "None",
        "shortLongTermDebtTotal": "663000000",
        "otherCurrentLiabilities": "1985000000",
        "otherNonCurrentLiabilities": "None",
        "totalShareholderEquity": "9843000000",
        "treasuryStock": "0",
        "retainedEarnings": "5801000000",
        "commonStock": "3000000",
        "commonStockSharesOutstanding": "1942800000"
      },
      {
        "fiscalDateEnding": "2010-05-31",
        "reportedCurrency": "USD",
        "totalAssets": "14419300000",
        "totalCurrentAssets": "10959200000",
        "cashAndCashEquivalentsAtCarryingValue": "3079100000",
        "cashAndShortTermInvestments": "3079100000",
        "inventory": "2040800000",
        "currentNetReceivables": "2649800000",
        "totalNonCurrentAssets": "3460100000",
        "propertyPlantEquipment": "1931900000",
        "accumulatedDepreciationAmortizationPPE": "2457900000",
        "intangibleAssets": "467000000",
        "intangibleAssetsExcludingGoodwill": "467000000",
        "goodwill": "187600000",
        "investments": "None",
        "longTermInvestments": "None",
        "shortTermInvestments": "2066800000",
        "otherCurrentAssets": "1122700000",
        "otherNonCurrentAssets": "None",
        "totalLiabilities": "4665600000",
        "totalCurrentLiabilities": "3364200000",
        "currentAccountsPayable": "1254500000",
        "deferredRevenue": "None",
        "currentDebt": "None",
        "shortTermDebt": "146000000",
        "totalNonCurrentLiabilities": "1301400000",
        "capitalLeaseObligations": "None",
        "longTermDebt": "445800000",
        "currentLongTermDebt": "None",
        "longTermDebtNoncurrent": "None",
        "shortLongTermDebtTotal": "591800000",
        "otherCurrentLiabilities": "1904400000",
        "otherNonCurrentLiabilities": "None",
        "totalShareholderEquity": "9753700000",
        "treasuryStock": "0",
        "retainedEarnings": "6095500000",
        "commonStock": "2800000",
        "commonStockSharesOutstanding": "1975600000"
      },
      {
        "fiscalDateEnding": "2009-05-31",
        "reportedCurrency": "USD",
        "totalAssets": "13249600000",
        "totalCurrentAssets": "9734000000",
        "cashAndCashEquivalentsAtCarryingValue": "2291100000",
        "cashAndShortTermInvestments": "2291100000",
        "inventory": "2357000000",
        "currentNetReceivables": "2883900000",
        "totalNonCurrentAssets": "3515600000",
        "propertyPlantEquipment": "1957700000",
        "accumulatedDepreciationAmortizationPPE": "2298000000",
        "intangibleAssets": "467400000",
        "intangibleAssetsExcludingGoodwill": "467400000",
        "goodwill": "193500000",
        "investments": "None",
        "longTermInvestments": "None",
        "shortTermInvestments": "1164000000",
        "otherCurrentAssets": "1038000000",
        "otherNonCurrentAssets": "None",
        "totalLiabilities": "4556800000",
        "totalCurrentLiabilities": "3277000000",
        "currentAccountsPayable": "1031900000",
        "deferredRevenue": "None",
        "currentDebt": "None",
        "shortTermDebt": "374900000",
        "totalNonCurrentLiabilities": "1279800000",
        "capitalLeaseObligations": "None",
        "longTermDebt": "437200000",
        "currentLongTermDebt": "None",
        "longTermDebtNoncurrent": "None",
        "shortLongTermDebtTotal": "812100000",
        "otherCurrentLiabilities": "1783900000",
        "otherNonCurrentLiabilities": "None",
        "totalShareholderEquity": "8692800000",
        "treasuryStock": "None",
        "retainedEarnings": "5451400000",
        "commonStock": "2800000",
        "commonStockSharesOutstanding": "1962800000"
      },
      {
        "fiscalDateEnding": "2008-05-31",
        "reportedCurrency": "USD",
        "totalAssets": "12442700000",
        "totalCurrentAssets": "8839300000",
        "cashAndCashEquivalentsAtCarryingValue": "2133900000",
        "cashAndShortTermInvestments": "2133900000",
        "inventory": "2438400000",
        "currentNetReceivables": "2795300000",
        "totalNonCurrentAssets": "3603400000",
        "propertyPlantEquipment": "1891100000",
        "accumulatedDepreciationAmortizationPPE": "2211900000",
        "intangibleAssets": "743100000",
        "intangibleAssetsExcludingGoodwill": "743100000",
        "goodwill": "448800000",
        "investments": "None",
        "longTermInvestments": "None",
        "shortTermInvestments": "642200000",
        "otherCurrentAssets": "829500000",
        "otherNonCurrentAssets": "None",
        "totalLiabilities": "4617400000",
        "totalCurrentLiabilities": "3321500000",
        "currentAccountsPayable": "1287600000",
        "deferredRevenue": "None",
        "currentDebt": "None",
        "shortTermDebt": "184000000",
        "totalNonCurrentLiabilities": "1295900000",
        "capitalLeaseObligations": "None",
        "longTermDebt": "441100000",
        "currentLongTermDebt": "None",
        "longTermDebtNoncurrent": "None",
        "shortLongTermDebtTotal": "625100000",
        "otherCurrentLiabilities": "1849900000",
        "otherNonCurrentLiabilities": "None",
        "totalShareholderEquity": "7825300000",
        "treasuryStock": "None",
        "retainedEarnings": "5073300000",
        "commonStock": "2800000",
        "commonStockSharesOutstanding": "2016400000"
      },
      {
        "fiscalDateEnding": "2007-05-31",
        "reportedCurrency": "USD",
        "totalAssets": "10688300000",
        "totalCurrentAssets": "8076500000",
        "cashAndCashEquivalentsAtCarryingValue": "1856700000",
        "cashAndShortTermInvestments": "1856700000",
        "inventory": "2121900000",
        "currentNetReceivables": "2494700000",
        "totalNonCurrentAssets": "2611800000",
        "propertyPlantEquipment": "1678300000",
        "accumulatedDepreciationAmortizationPPE": "1940800000",
        "intangibleAssets": "409900000",
        "intangibleAssetsExcludingGoodwill": "409900000",
        "goodwill": "130800000",
        "investments": "None",
        "longTermInvestments": "None",
        "shortTermInvestments": "990300000",
        "otherCurrentAssets": "612900000",
        "otherNonCurrentAssets": "None",
        "totalLiabilities": "3662900000",
        "totalCurrentLiabilities": "2584000000",
        "currentAccountsPayable": "1040300000",
        "deferredRevenue": "None",
        "currentDebt": "None",
        "shortTermDebt": "131300000",
        "totalNonCurrentLiabilities": "1078900000",
        "capitalLeaseObligations": "None",
        "longTermDebt": "409900000",
        "currentLongTermDebt": "None",
        "longTermDebtNoncurrent": "None",
        "shortLongTermDebtTotal": "541200000",
        "otherCurrentLiabilities": "1412400000",
        "otherNonCurrentLiabilities": "None",
        "totalShareholderEquity": "7025400000",
        "treasuryStock": "None",
        "retainedEarnings": "4885200000",
        "commonStock": "2800000",
        "commonStockSharesOutstanding": "2036177474"
      },
      {
        "fiscalDateEnding": "2006-05-31",
        "reportedCurrency": "USD",
        "totalAssets": "9869600000",
        "totalCurrentAssets": "7359000000",
        "cashAndCashEquivalentsAtCarryingValue": "954200000",
        "cashAndShortTermInvestments": "954200000",
        "inventory": "2076700000",
        "currentNetReceivables": "2395900000",
        "totalNonCurrentAssets": "2510600000",
        "propertyPlantEquipment": "1657700000",
        "accumulatedDepreciationAmortizationPPE": "1750600000",
        "intangibleAssets": "405500000",
        "intangibleAssetsExcludingGoodwill": "405500000",
        "goodwill": "130800000",
        "investments": "None",
        "longTermInvestments": "None",
        "shortTermInvestments": "1348800000",
        "otherCurrentAssets": "583400000",
        "otherNonCurrentAssets": "None",
        "totalLiabilities": "3584400000",
        "totalCurrentLiabilities": "2623300000",
        "currentAccountsPayable": "952200000",
        "deferredRevenue": "None",
        "currentDebt": "None",
        "shortTermDebt": "298700000",
        "totalNonCurrentLiabilities": "961100000",
        "capitalLeaseObligations": "None",
        "longTermDebt": "410700000",
        "currentLongTermDebt": "None",
        "longTermDebtNoncurrent": "None",
        "shortLongTermDebtTotal": "709400000",
        "otherCurrentLiabilities": "1372400000",
        "otherNonCurrentLiabilities": "None",
        "totalShareholderEquity": "6285200000",
        "treasuryStock": "None",
        "retainedEarnings": "4713400000",
        "commonStock": "2800000",
        "commonStockSharesOutstanding": "2109090909"
      }
    ],
    "quarterlyReports": [
      {
        "fiscalDateEnding": "2025-08-31",
        "reportedCurrency": "USD",
        "totalAssets": "37334000000",
        "totalCurrentAssets": "23898000000",
        "cashAndCashEquivalentsAtCarryingValue": "7024000000",
        "cashAndShortTermInvestments": "7024000000",
        "inventory": "8114000000",
        "currentNetReceivables": "4962000000",
        "totalNonCurrentAssets": "13436000000",
        "propertyPlantEquipment": "None",
        "accumulatedDepreciationAmortizationPPE": "None",
        "intangibleAssets": "259000000",
        "intangibleAssetsExcludingGoodwill": "259000000",
        "goodwill": "240000000",
        "investments": "None",
        "longTermInvestments": "None",
        "shortTermInvestments": "1551000000",
        "otherCurrentAssets": "2247000000",
        "otherNonCurrentAssets": "None",
        "totalLiabilities": "23866000000",
        "totalCurrentLiabilities": "10911000000",
        "currentAccountsPayable": "3772000000",
        "deferredRevenue": "None",
        "currentDebt": "None",
        "shortTermDebt": "510000000",
        "totalNonCurrentLiabilities": "12955000000",
        "capitalLeaseObligations": "3061000000",
        "longTermDebt": "7996000000",
        "currentLongTermDebt": "4000000",
        "longTermDebtNoncurrent": "None",
        "shortLongTermDebtTotal": "11061000000",
        "otherCurrentLiabilities": "5923000000",
        "otherNonCurrentLiabilities": "2404000000",
        "totalShareholderEquity": "13468000000",
        "treasuryStock": "None",
        "retainedEarnings": "-700000000",
        "commonStock": "3000000",
        "commonStockSharesOutstanding": "1479000000"
      },
      {
        "fiscalDateEnding": "2025-05-31",
        "reportedCurrency": "USD",
        "totalAssets": "36579000000",
        "totalCurrentAssets": "23362000000",
        "cashAndCashEquivalentsAtCarryingValue": "7464000000",
        "cashAndShortTermInvestments": "7464000000",
        "inventory": "7489000000",
        "currentNetReceivables": "4717000000",
        "totalNonCurrentAssets": "13217000000",
        "propertyPlantEquipment": "7540000000",
        "accumulatedDepreciationAmortizationPPE": "None",
        "intangibleAssets": "259000000",
        "intangibleAssetsExcludingGoodwill": "259000000",
        "goodwill": "240000000",
        "investments": "None",
        "longTermInvestments": "None",
        "shortTermInvestments": "1687000000",
        "otherCurrentAssets": "2005000000",
        "otherNonCurrentAssets": "None",
        "totalLiabilities": "23366000000",
        "totalCurrentLiabilities": "10566000000",
        "currentAccountsPayable": "3479000000",
        "deferredRevenue": "None",
        "currentDebt": "None",
        "shortTermDebt": "507000000",
        "totalNonCurrentLiabilities": "12800000000",
        "capitalLeaseObligations": "3052000000",
        "longTermDebt": "7961000000",
        "currentLongTermDebt": "5000000",
        "longTermDebtNoncurrent": "None",
        "shortLongTermDebtTotal": "11018000000",
        "otherCurrentLiabilities": "5911000000",
        "otherNonCurrentLiabilities": "2289000000",
        "totalShareholderEquity": "13213000000",
        "treasuryStock": "None",
        "retainedEarnings": "-727000000",
        "commonStock": "3000000",
        "commonStockSharesOutstanding": "1477700000"
      },
      {
        "fiscalDateEnding": "2025-02-28",
        "reportedCurrency": "USD",
        "totalAssets": "37793000000",
        "totalCurrentAssets": "24609000000",
        "cashAndCashEquivalentsAtCarryingValue": "8601000000",
        "cashAndShortTermInvestments": "8601000000",
        "inventory": "7539000000",
        "currentNetReceivables": "4491000000",
        "totalNonCurrentAssets": "13184000000",
        "propertyPlantEquipment": "7331000000",
        "accumulatedDepreciationAmortizationPPE": "None",
        "intangibleAssets": "259000000",
        "intangibleAssetsExcludingGoodwill": "259000000",
        "goodwill": "239000000",
        "investments": "None",
        "longTermInvestments": "None",
        "shortTermInvestments": "1792000000",
        "otherCurrentAssets": "2186000000",
        "otherNonCurrentAssets": "None",
        "totalLiabilities": "23786000000",
        "totalCurrentLiabilities": "11223000000",
        "currentAccountsPayable": "3106000000",
        "deferredRevenue": "None",
        "currentDebt": "None",
        "shortTermDebt": "1478000000",
        "totalNonCurrentLiabilities": "12563000000",
        "capitalLeaseObligations": "2951000000",
        "longTermDebt": "7956000000",
        "currentLongTermDebt": "1004000000",
        "longTermDebtNoncurrent": "None",
        "shortLongTermDebtTotal": "11911000000",
        "otherCurrentLiabilities": "5905000000",
        "otherNonCurrentLiabilities": "2130000000",
        "totalShareholderEquity": "14007000000",
        "treasuryStock": "None",
        "retainedEarnings": "-175000000",
        "commonStock": "3000000",
        "commonStockSharesOutstanding": "1491000000"
      },
      {
        "fiscalDateEnding": "2024-11-30",
        "reportedCurrency": "USD",
        "totalAssets": "37959000000",
        "totalCurrentAssets": "24980000000",
        "cashAndCashEquivalentsAtCarryingValue": "7979000000",
        "cashAndShortTermInvestments": "7979000000",
        "inventory": "7981000000",
        "currentNetReceivables": "5302000000",
        "totalNonCurrentAssets": "12979000000",
        "propertyPlantEquipment": "7593000000",
        "accumulatedDepreciationAmortizationPPE": "None",
        "intangibleAssets": "259000000",
        "intangibleAssetsExcludingGoodwill": "259000000",
        "goodwill": "240000000",
        "investments": "None",
        "longTermInvestments": "None",
        "shortTermInvestments": "1782000000",
        "otherCurrentAssets": "1936000000",
        "otherNonCurrentAssets": "None",
        "totalLiabilities": "23922000000",
        "totalCurrentLiabilities": "11246000000",
        "currentAccountsPayable": "3255000000",
        "deferredRevenue": "None",
        "currentDebt": "None",
        "shortTermDebt": "1530000000",
        "totalNonCurrentLiabilities": "12676000000",
        "capitalLeaseObligations": "3043000000",
        "longTermDebt": "7973000000",
        "currentLongTermDebt": "1049000000",
        "longTermDebtNoncurrent": "None",
        "shortLongTermDebtTotal": "12065000000",
        "otherCurrentLiabilities": "5694000000",
        "otherNonCurrentLiabilities": "2141000000",
        "totalShareholderEquity": "14037000000",
        "treasuryStock": "None",
        "retainedEarnings": "54000000",
        "commonStock": "3000000",
        "commonStockSharesOutstanding": "1490000000"
      },
      {
        "fiscalDateEnding": "2024-08-31",
        "reportedCurrency": "USD",
        "totalAssets": "37867000000",
        "totalCurrentAssets": "25040000000",
        "cashAndCashEquivalentsAtCarryingValue": "8485000000",
        "cashAndShortTermInvestments": "8485000000",
        "inventory": "8253000000",
        "currentNetReceivables": "4764000000",
        "totalNonCurrentAssets": "12827000000",
        "propertyPlantEquipment": "None",
        "accumulatedDepreciationAmortizationPPE": "None",
        "intangibleAssets": "259000000",
        "intangibleAssetsExcludingGoodwill": "259000000",
        "goodwill": "240000000",
        "investments": "None",
        "longTermInvestments": "None",
        "shortTermInvestments": "1809000000",
        "otherCurrentAssets": "1729000000",
        "otherNonCurrentAssets": "None",
        "totalLiabilities": "23923000000",
        "totalCurrentLiabilities": "10628000000",
        "currentAccountsPayable": "3357000000",
        "deferredRevenue": "None",
        "currentDebt": "None",
        "shortTermDebt": "1503000000",
        "totalNonCurrentLiabilities": "13295000000",
        "capitalLeaseObligations": "3116000000",
        "longTermDebt": "7998000000",
        "currentLongTermDebt": "1012000000",
        "longTermDebtNoncurrent": "None",
        "shortLongTermDebtTotal": "12126000000",
        "otherCurrentLiabilities": "5075000000",
        "otherNonCurrentLiabilities": "2672000000",
        "totalShareholderEquity": "13944000000",
        "treasuryStock": "None",
        "retainedEarnings": "411000000",
        "commonStock": "3000000",
        "commonStockSharesOutstanding": "1502000000"
      },
      {
        "fiscalDateEnding": "2024-05-31",
        "reportedCurrency": "USD",
        "totalAssets": "38110000000",
        "totalCurrentAssets": "25382000000",
        "cashAndCashEquivalentsAtCarryingValue": "9860000000",
        "cashAndShortTermInvestments": "9860000000",
        "inventory": "7519000000",
        "currentNetReceivables": "4427000000",
        "totalNonCurrentAssets": "12728000000",
        "propertyPlantEquipment": "None",
        "accumulatedDepreciationAmortizationPPE": "None",
        "intangibleAssets": "259000000",
        "intangibleAssetsExcludingGoodwill": "259000000",
        "goodwill": "240000000",
        "investments": "None",
        "longTermInvestments": "None",
        "shortTermInvestments": "1722000000",
        "otherCurrentAssets": "1854000000",
        "otherNonCurrentAssets": "None",
        "totalLiabilities": "23680000000",
        "totalCurrentLiabilities": "10593000000",
        "currentAccountsPayable": "2851000000",
        "deferredRevenue": "None",
        "currentDebt": "None",
        "shortTermDebt": "1483000000",
        "totalNonCurrentLiabilities": "13087000000",
        "capitalLeaseObligations": "3043000000",
        "longTermDebt": "7903000000",
        "currentLongTermDebt": "1006000000",
        "longTermDebtNoncurrent": "None",
        "shortLongTermDebtTotal": "11952000000",
        "otherCurrentLiabilities": "5725000000",
        "otherNonCurrentLiabilities": "2618000000",
        "totalShareholderEquity": "14430000000",
        "treasuryStock": "None",
        "retainedEarnings": "965000000",
        "commonStock": "3000000",
        "commonStockSharesOutstanding": "1516700000"
      },
      {
        "fiscalDateEnding": "2024-02-29",
        "reportedCurrency": "USD",
        "totalAssets": "37356000000",
        "totalCurrentAssets": "24753000000",
        "cashAndCashEquivalentsAtCarryingValue": "8960000000",
        "cashAndShortTermInvestments": "8960000000",
        "inventory": "7726000000",
        "currentNetReceivables": "4526000000",
        "totalNonCurrentAssets": "12603000000",
        "propertyPlantEquipment": "None",
        "accumulatedDepreciationAmortizationPPE": "None",
        "intangibleAssets": "259000000",
        "intangibleAssetsExcludingGoodwill": "259000000",
        "goodwill": "240000000",
        "investments": "None",
        "longTermInvestments": "None",
        "shortTermInvestments": "1613000000",
        "otherCurrentAssets": "1928000000",
        "otherNonCurrentAssets": "None",
        "totalLiabilities": "23130000000",
        "totalCurrentLiabilities": "9029000000",
        "currentAccountsPayable": "2340000000",
        "deferredRevenue": "None",
        "currentDebt": "None",
        "shortTermDebt": "480000000",
        "totalNonCurrentLiabilities": "14101000000",
        "capitalLeaseObligations": "3165000000",
        "longTermDebt": "8930000000",
        "currentLongTermDebt": "6000000",
        "longTermDebtNoncurrent": "None",
        "shortLongTermDebtTotal": "12101000000",
        "otherCurrentLiabilities": "5818000000",
        "otherNonCurrentLiabilities": "2480000000",
        "totalShareholderEquity": "14226000000",
        "treasuryStock": "None",
        "retainedEarnings": "970000000",
        "commonStock": "3000000",
        "commonStockSharesOutstanding": "1526500000"
      },
      {
        "fiscalDateEnding": "2023-11-30",
        "reportedCurrency": "USD",
        "totalAssets": "37203000000",
        "totalCurrentAssets": "24631000000",
        "cashAndCashEquivalentsAtCarryingValue": "7919000000",
        "cashAndShortTermInvestments": "7919000000",
        "inventory": "7979000000",
        "currentNetReceivables": "4782000000",
        "totalNonCurrentAssets": "12572000000",
        "propertyPlantEquipment": "8096000000",
        "accumulatedDepreciationAmortizationPPE": "None",
        "intangibleAssets": "269000000",
        "intangibleAssetsExcludingGoodwill": "269000000",
        "goodwill": "281000000",
        "investments": "None",
        "longTermInvestments": "None",
        "shortTermInvestments": "2008000000",
        "otherCurrentAssets": "1943000000",
        "otherNonCurrentAssets": "None",
        "totalLiabilities": "23057000000",
        "totalCurrentLiabilities": "8999000000",
        "currentAccountsPayable": "2709000000",
        "deferredRevenue": "None",
        "currentDebt": "None",
        "shortTermDebt": "462000000",
        "totalNonCurrentLiabilities": "14058000000",
        "capitalLeaseObligations": "3241000000",
        "longTermDebt": "8930000000",
        "currentLongTermDebt": "6000000",
        "longTermDebtNoncurrent": "None",
        "shortLongTermDebtTotal": "12177000000",
        "otherCurrentLiabilities": "4971000000",
        "otherNonCurrentLiabilities": "2343000000",
        "totalShareholderEquity": "14146000000",
        "treasuryStock": "None",
        "retainedEarnings": "1151000000",
        "commonStock": "3000000",
        "commonStockSharesOutstanding": "1532100000"
      },
      {
        "fiscalDateEnding": "2023-08-31",
        "reportedCurrency": "USD",
        "totalAssets": "36786000000",
        "totalCurrentAssets": "24250000000",
        "cashAndCashEquivalentsAtCarryingValue": "6178000000",
        "cashAndShortTermInvestments": "6178000000",
        "inventory": "8698000000",
        "currentNetReceivables": "4749000000",
        "totalNonCurrentAssets": "12536000000",
        "propertyPlantEquipment": "8048000000",
        "accumulatedDepreciationAmortizationPPE": "None",
        "intangibleAssets": "272000000",
        "intangibleAssetsExcludingGoodwill": "272000000",
        "goodwill": "281000000",
        "investments": "None",
        "longTermInvestments": "None",
        "shortTermInvestments": "2612000000",
        "otherCurrentAssets": "2013000000",
        "otherNonCurrentAssets": "None",
        "totalLiabilities": "22815000000",
        "totalCurrentLiabilities": "8461000000",
        "currentAccountsPayable": "2738000000",
        "deferredRevenue": "None",
        "currentDebt": "None",
        "shortTermDebt": "441000000",
        "totalNonCurrentLiabilities": "14354000000",
        "capitalLeaseObligations": "3242000000",
        "longTermDebt": "8929000000",
        "currentLongTermDebt": "6000000",
        "longTermDebtNoncurrent": "None",
        "shortLongTermDebtTotal": "12177000000",
        "otherCurrentLiabilities": "4987000000",
        "otherNonCurrentLiabilities": "2618000000",
        "totalShareholderEquity": "13971000000",
        "treasuryStock": "None",
        "retainedEarnings": "1242000000",
        "commonStock": "3000000",
        "commonStockSharesOutstanding": "1543300000"
      },
      {
        "fiscalDateEnding": "2023-05-31",
        "reportedCurrency": "USD",
        "totalAssets": "37531000000",
        "totalCurrentAssets": "25202000000",
        "cashAndCashEquivalentsAtCarryingValue": "7441000000",
        "cashAndShortTermInvestments": "7441000000",
        "inventory": "8454000000",
        "currentNetReceivables": "4131000000",
        "totalNonCurrentAssets": "12329000000",
        "propertyPlantEquipment": "8004000000",
        "accumulatedDepreciationAmortizationPPE": "None",
        "intangibleAssets": "274000000",
        "intangibleAssetsExcludingGoodwill": "274000000",
        "goodwill": "281000000",
        "investments": "None",
        "longTermInvestments": "None",
        "shortTermInvestments": "3234000000",
        "otherCurrentAssets": "1942000000",
        "otherNonCurrentAssets": "None",
        "totalLiabilities": "23527000000",
        "totalCurrentLiabilities": "9256000000",
        "currentAccountsPayable": "2862000000",
        "deferredRevenue": "None",
        "currentDebt": "None",
        "shortTermDebt": "431000000",
        "totalNonCurrentLiabilities": "14271000000",
        "capitalLeaseObligations": "3211000000",
        "longTermDebt": "8927000000",
        "currentLongTermDebt": "6000000",
        "longTermDebtNoncurrent": "None",
        "shortLongTermDebtTotal": "12144000000",
        "otherCurrentLiabilities": "5723000000",
        "otherNonCurrentLiabilities": "2558000000",
        "totalShareholderEquity": "14004000000",
        "treasuryStock": "None",
        "retainedEarnings": "1358000000",
        "commonStock": "3000000",
        "commonStockSharesOutstanding": "1556300000"
      },
      {
        "fiscalDateEnding": "2023-02-28",
        "reportedCurrency": "USD",
        "totalAssets": "38294000000",
        "totalCurrentAssets": "26035000000",
        "cashAndCashEquivalentsAtCarryingValue": "6955000000",
        "cashAndShortTermInvestments": "6955000000",
        "inventory": "8905000000",
        "currentNetReceivables": "4513000000",
        "totalNonCurrentAssets": "12259000000",
        "propertyPlantEquipment": "4939000000",
        "accumulatedDepreciationAmortizationPPE": "None",
        "intangibleAssets": "277000000",
        "intangibleAssetsExcludingGoodwill": "277000000",
        "goodwill": "281000000",
        "investments": "None",
        "longTermInvestments": "None",
        "shortTermInvestments": "3847000000",
        "otherCurrentAssets": "1815000000",
        "otherNonCurrentAssets": "None",
        "totalLiabilities": "23763000000",
        "totalCurrentLiabilities": "9548000000",
        "currentAccountsPayable": "2675000000",
        "deferredRevenue": "None",
        "currentDebt": "None",
        "shortTermDebt": "949000000",
        "totalNonCurrentLiabilities": "14215000000",
        "capitalLeaseObligations": "3127000000",
        "longTermDebt": "8925000000",
        "currentLongTermDebt": "514000000",
        "longTermDebtNoncurrent": "None",
        "shortLongTermDebtTotal": "12566000000",
        "otherCurrentLiabilities": "5594000000",
        "otherNonCurrentLiabilities": "2598000000",
        "totalShareholderEquity": "14531000000",
        "treasuryStock": "None",
        "retainedEarnings": "2152000000",
        "commonStock": "3000000",
        "commonStockSharesOutstanding": "1564800000"
      },
      {
        "fiscalDateEnding": "2022-11-30",
        "reportedCurrency": "USD",
        "totalAssets": "39647000000",
        "totalCurrentAssets": "27447000000",
        "cashAndCashEquivalentsAtCarryingValue": "6490000000",
        "cashAndShortTermInvestments": "6490000000",
        "inventory": "9326000000",
        "currentNetReceivables": "5437000000",
        "totalNonCurrentAssets": "12200000000",
        "propertyPlantEquipment": "7663000000",
        "accumulatedDepreciationAmortizationPPE": "None",
        "intangibleAssets": "280000000",
        "intangibleAssetsExcludingGoodwill": "280000000",
        "goodwill": "281000000",
        "investments": "None",
        "longTermInvestments": "None",
        "shortTermInvestments": "4131000000",
        "otherCurrentAssets": "2063000000",
        "otherNonCurrentAssets": "None",
        "totalLiabilities": "24375000000",
        "totalCurrentLiabilities": "10199000000",
        "currentAccountsPayable": "2810000000",
        "deferredRevenue": "None",
        "currentDebt": "None",
        "shortTermDebt": "933000000",
        "totalNonCurrentLiabilities": "14176000000",
        "capitalLeaseObligations": "3094000000",
        "longTermDebt": "8924000000",
        "currentLongTermDebt": "507000000",
        "longTermDebtNoncurrent": "None",
        "shortLongTermDebtTotal": "12525000000",
        "otherCurrentLiabilities": "6020000000",
        "otherNonCurrentLiabilities": "2584000000",
        "totalShareholderEquity": "15272000000",
        "treasuryStock": "None",
        "retainedEarnings": "2859000000",
        "commonStock": "3000000",
        "commonStockSharesOutstanding": "1572400000"
      },
      {
        "fiscalDateEnding": "2022-08-31",
        "reportedCurrency": "USD",
        "totalAssets": "41088000000",
        "totalCurrentAssets": "28877000000",
        "cashAndCashEquivalentsAtCarryingValue": "7226000000",
        "cashAndShortTermInvestments": "7226000000",
        "inventory": "9662000000",
        "currentNetReceivables": "4960000000",
        "totalNonCurrentAssets": "12211000000",
        "propertyPlantEquipment": "7658000000",
        "accumulatedDepreciationAmortizationPPE": "None",
        "intangibleAssets": "283000000",
        "intangibleAssetsExcludingGoodwill": "283000000",
        "goodwill": "282000000",
        "investments": "None",
        "longTermInvestments": "None",
        "shortTermInvestments": "4650000000",
        "otherCurrentAssets": "2379000000",
        "otherNonCurrentAssets": "None",
        "totalLiabilities": "25266000000",
        "totalCurrentLiabilities": "10919000000",
        "currentAccountsPayable": "3371000000",
        "deferredRevenue": "None",
        "currentDebt": "None",
        "shortTermDebt": "933000000",
        "totalNonCurrentLiabilities": "14347000000",
        "capitalLeaseObligations": "3160000000",
        "longTermDebt": "8922000000",
        "currentLongTermDebt": "509000000",
        "longTermDebtNoncurrent": "None",
        "shortLongTermDebtTotal": "12591000000",
        "otherCurrentLiabilities": "6277000000",
        "otherNonCurrentLiabilities": "2689000000",
        "totalShareholderEquity": "15822000000",
        "treasuryStock": "None",
        "retainedEarnings": "3535000000",
        "commonStock": "3000000",
        "commonStockSharesOutstanding": "1585800000"
      },
      {
        "fiscalDateEnding": "2022-05-31",
        "reportedCurrency": "USD",
        "totalAssets": "40321000000",
        "totalCurrentAssets": "28213000000",
        "cashAndCashEquivalentsAtCarryingValue": "8574000000",
        "cashAndShortTermInvestments": "8574000000",
        "inventory": "8420000000",
        "currentNetReceivables": "4667000000",
        "totalNonCurrentAssets": "12108000000",
        "propertyPlantEquipment": "7717000000",
        "accumulatedDepreciationAmortizationPPE": "None",
        "intangibleAssets": "286000000",
        "intangibleAssetsExcludingGoodwill": "286000000",
        "goodwill": "284000000",
        "investments": "None",
        "longTermInvestments": "None",
        "shortTermInvestments": "4423000000",
        "otherCurrentAssets": "2129000000",
        "otherNonCurrentAssets": "None",
        "totalLiabilities": "25040000000",
        "totalCurrentLiabilities": "10730000000",
        "currentAccountsPayable": "3358000000",
        "deferredRevenue": "None",
        "currentDebt": "None",
        "shortTermDebt": "930000000",
        "totalNonCurrentLiabilities": "14310000000",
        "capitalLeaseObligations": "3197000000",
        "longTermDebt": "8920000000",
        "currentLongTermDebt": "510000000",
        "longTermDebtNoncurrent": "None",
        "shortLongTermDebtTotal": "12627000000",
        "otherCurrentLiabilities": "6220000000",
        "otherNonCurrentLiabilities": "2613000000",
        "totalShareholderEquity": "15281000000",
        "treasuryStock": "None",
        "retainedEarnings": "3476000000",
        "commonStock": "3000000",
        "commonStockSharesOutstanding": "1595000000"
      },
      {
        "fiscalDateEnding": "2022-02-28",
        "reportedCurrency": "USD",
        "totalAssets": "38577000000",
        "totalCurrentAssets": "26962000000",
        "cashAndCashEquivalentsAtCarryingValue": "8704000000",
        "cashAndShortTermInvestments": "8704000000",
        "inventory": "7700000000",
        "currentNetReceivables": "3827000000",
        "totalNonCurrentAssets": "11615000000",
        "propertyPlantEquipment": "7765000000",
        "accumulatedDepreciationAmortizationPPE": "None",
        "intangibleAssets": "291000000",
        "intangibleAssetsExcludingGoodwill": "291000000",
        "goodwill": "284000000",
        "investments": "None",
        "longTermInvestments": "None",
        "shortTermInvestments": "4763000000",
        "otherCurrentAssets": "1968000000",
        "otherNonCurrentAssets": "None",
        "totalLiabilities": "23768000000",
        "totalCurrentLiabilities": "8818000000",
        "currentAccountsPayable": "2770000000",
        "deferredRevenue": "None",
        "currentDebt": "None",
        "shortTermDebt": "455000000",
        "totalNonCurrentLiabilities": "14950000000",
        "capitalLeaseObligations": "3239000000",
        "longTermDebt": "9418000000",
        "currentLongTermDebt": "None",
        "longTermDebtNoncurrent": "None",
        "shortLongTermDebtTotal": "12657000000",
        "otherCurrentLiabilities": "5391000000",
        "otherNonCurrentLiabilities": "2748000000",
        "totalShareholderEquity": "14809000000",
        "treasuryStock": "None",
        "retainedEarnings": "3521000000",
        "commonStock": "3000000",
        "commonStockSharesOutstanding": "1610700000"
      },
      {
        "fiscalDateEnding": "2021-11-30",
        "reportedCurrency": "USD",
        "totalAssets": "38917000000",
        "totalCurrentAssets": "27177000000",
        "cashAndCashEquivalentsAtCarryingValue": "10751000000",
        "cashAndShortTermInvestments": "10751000000",
        "inventory": "6506000000",
        "currentNetReceivables": "3746000000",
        "totalNonCurrentAssets": "11740000000",
        "propertyPlantEquipment": "7829000000",
        "accumulatedDepreciationAmortizationPPE": "None",
        "intangibleAssets": "265000000",
        "intangibleAssetsExcludingGoodwill": "265000000",
        "goodwill": "242000000",
        "investments": "None",
        "longTermInvestments": "None",
        "shortTermInvestments": "4352000000",
        "otherCurrentAssets": "1822000000",
        "otherNonCurrentAssets": "None",
        "totalLiabilities": "23993000000",
        "totalCurrentLiabilities": "8857000000",
        "currentAccountsPayable": "2795000000",
        "deferredRevenue": "None",
        "currentDebt": "None",
        "shortTermDebt": "471000000",
        "totalNonCurrentLiabilities": "15136000000",
        "capitalLeaseObligations": "3297000000",
        "longTermDebt": "9417000000",
        "currentLongTermDebt": "9000000",
        "longTermDebtNoncurrent": "None",
        "shortLongTermDebtTotal": "12723000000",
        "otherCurrentLiabilities": "5431000000",
        "otherNonCurrentLiabilities": "None",
        "totalShareholderEquity": "14924000000",
        "treasuryStock": "None",
        "retainedEarnings": "3786000000",
        "commonStock": "3000000",
        "commonStockSharesOutstanding": "1617400000"
      },
      {
        "fiscalDateEnding": "2021-08-31",
        "reportedCurrency": "USD",
        "totalAssets": "37917000000",
        "totalCurrentAssets": "26390000000",
        "cashAndCashEquivalentsAtCarryingValue": "10720000000",
        "cashAndShortTermInvestments": "10720000000",
        "inventory": "6699000000",
        "currentNetReceivables": "4341000000",
        "totalNonCurrentAssets": "11527000000",
        "propertyPlantEquipment": "7947000000",
        "accumulatedDepreciationAmortizationPPE": "None",
        "intangibleAssets": "267000000",
        "intangibleAssetsExcludingGoodwill": "267000000",
        "goodwill": "242000000",
        "investments": "None",
        "longTermInvestments": "None",
        "shortTermInvestments": "2975000000",
        "otherCurrentAssets": "1655000000",
        "otherNonCurrentAssets": "None",
        "totalLiabilities": "23574000000",
        "totalCurrentLiabilities": "8269000000",
        "currentAccountsPayable": "2135000000",
        "deferredRevenue": "None",
        "currentDebt": "None",
        "shortTermDebt": "477000000",
        "totalNonCurrentLiabilities": "15305000000",
        "capitalLeaseObligations": "3360000000",
        "longTermDebt": "9415000000",
        "currentLongTermDebt": "15000000",
        "longTermDebtNoncurrent": "None",
        "shortLongTermDebtTotal": "12790000000",
        "otherCurrentLiabilities": "5296000000",
        "otherNonCurrentLiabilities": "None",
        "totalShareholderEquity": "14343000000",
        "treasuryStock": "None",
        "retainedEarnings": "3886000000",
        "commonStock": "3000000",
        "commonStockSharesOutstanding": "1619600000"
      },
      {
        "fiscalDateEnding": "2021-05-31",
        "reportedCurrency": "USD",
        "totalAssets": "37740000000",
        "totalCurrentAssets": "26291000000",
        "cashAndCashEquivalentsAtCarryingValue": "9889000000",
        "cashAndShortTermInvestments": "9889000000",
        "inventory": "6854000000",
        "currentNetReceivables": "4463000000",
        "totalNonCurrentAssets": "11449000000",
        "propertyPlantEquipment": "8017000000",
        "accumulatedDepreciationAmortizationPPE": "None",
        "intangibleAssets": "269000000",
        "intangibleAssetsExcludingGoodwill": "269000000",
        "goodwill": "242000000",
        "investments": "None",
        "longTermInvestments": "None",
        "shortTermInvestments": "3587000000",
        "otherCurrentAssets": "1498000000",
        "otherNonCurrentAssets": "None",
        "totalLiabilities": "24973000000",
        "totalCurrentLiabilities": "9674000000",
        "currentAccountsPayable": "2836000000",
        "deferredRevenue": "None",
        "currentDebt": "None",
        "shortTermDebt": "469000000",
        "totalNonCurrentLiabilities": "15299000000",
        "capitalLeaseObligations": "3398000000",
        "longTermDebt": "9413000000",
        "currentLongTermDebt": "2000000",
        "longTermDebtNoncurrent": "None",
        "shortLongTermDebtTotal": "12813000000",
        "otherCurrentLiabilities": "6063000000",
        "otherNonCurrentLiabilities": "None",
        "totalShareholderEquity": "12767000000",
        "treasuryStock": "None",
        "retainedEarnings": "3179000000",
        "commonStock": "3000000",
        "commonStockSharesOutstanding": "1614900000"
      },
      {
        "fiscalDateEnding": "2021-02-28",
        "reportedCurrency": "USD",
        "totalAssets": "36185000000",
        "totalCurrentAssets": "24700000000",
        "cashAndCashEquivalentsAtCarryingValue": "8516000000",
        "cashAndShortTermInvestments": "8516000000",
        "inventory": "6693000000",
        "currentNetReceivables": "3669000000",
        "totalNonCurrentAssets": "11485000000",
        "propertyPlantEquipment": "4958000000",
        "accumulatedDepreciationAmortizationPPE": "None",
        "intangibleAssets": "271000000",
        "intangibleAssetsExcludingGoodwill": "271000000",
        "goodwill": "242000000",
        "investments": "None",
        "longTermInvestments": "None",
        "shortTermInvestments": "4012000000",
        "otherCurrentAssets": "1810000000",
        "otherNonCurrentAssets": "None",
        "totalLiabilities": "24254000000",
        "totalCurrentLiabilities": "8894000000",
        "currentAccountsPayable": "2257000000",
        "deferredRevenue": "None",
        "currentDebt": "None",
        "shortTermDebt": "474000000",
        "totalNonCurrentLiabilities": "15360000000",
        "capitalLeaseObligations": "3434000000",
        "longTermDebt": "9412000000",
        "currentLongTermDebt": "4000000",
        "longTermDebtNoncurrent": "None",
        "shortLongTermDebtTotal": "12850000000",
        "otherCurrentLiabilities": "5907000000",
        "otherNonCurrentLiabilities": "11931000000",
        "totalShareholderEquity": "11931000000",
        "treasuryStock": "None",
        "retainedEarnings": "2729000000",
        "commonStock": "3000000",
        "commonStockSharesOutstanding": "1616900000"
      },
      {
        "fiscalDateEnding": "2020-11-30",
        "reportedCurrency": "USD",
        "totalAssets": "34836000000",
        "totalCurrentAssets": "23607000000",
        "cashAndCashEquivalentsAtCarryingValue": "8635000000",
        "cashAndShortTermInvestments": "8635000000",
        "inventory": "6090000000",
        "currentNetReceivables": "3713000000",
        "totalNonCurrentAssets": "11229000000",
        "propertyPlantEquipment": "4959000000",
        "accumulatedDepreciationAmortizationPPE": "None",
        "intangibleAssets": "270000000",
        "intangibleAssetsExcludingGoodwill": "270000000",
        "goodwill": "223000000",
        "investments": "None",
        "longTermInvestments": "None",
        "shortTermInvestments": "3177000000",
        "otherCurrentAssets": "1992000000",
        "otherNonCurrentAssets": "None",
        "totalLiabilities": "24196000000",
        "totalCurrentLiabilities": "8871000000",
        "currentAccountsPayable": "2154000000",
        "deferredRevenue": "None",
        "currentDebt": "None",
        "shortTermDebt": "499000000",
        "totalNonCurrentLiabilities": "15325000000",
        "capitalLeaseObligations": "3354000000",
        "longTermDebt": "9410000000",
        "currentLongTermDebt": "41000000",
        "longTermDebtNoncurrent": "None",
        "shortLongTermDebtTotal": "12805000000",
        "otherCurrentLiabilities": "6030000000",
        "otherNonCurrentLiabilities": "None",
        "totalShareholderEquity": "10640000000",
        "treasuryStock": "None",
        "retainedEarnings": "1730000000",
        "commonStock": "3000000",
        "commonStockSharesOutstanding": "1609500000"
      },
      {
        "fiscalDateEnding": "2020-08-31",
        "reportedCurrency": "USD",
        "totalAssets": "33258000000",
        "totalCurrentAssets": "21937000000",
        "cashAndCashEquivalentsAtCarryingValue": "8148000000",
        "cashAndShortTermInvestments": "8148000000",
        "inventory": "6705000000",
        "currentNetReceivables": "3813000000",
        "totalNonCurrentAssets": "11321000000",
        "propertyPlantEquipment": "4969000000",
        "accumulatedDepreciationAmortizationPPE": "None",
        "intangibleAssets": "272000000",
        "intangibleAssetsExcludingGoodwill": "272000000",
        "goodwill": "223000000",
        "investments": "None",
        "longTermInvestments": "None",
        "shortTermInvestments": "1332000000",
        "otherCurrentAssets": "1939000000",
        "otherNonCurrentAssets": "None",
        "totalLiabilities": "24034000000",
        "totalCurrentLiabilities": "8619000000",
        "currentAccountsPayable": "1983000000",
        "deferredRevenue": "None",
        "currentDebt": "None",
        "shortTermDebt": "597000000",
        "totalNonCurrentLiabilities": "15415000000",
        "capitalLeaseObligations": "3420000000",
        "longTermDebt": "9408000000",
        "currentLongTermDebt": "138000000",
        "longTermDebtNoncurrent": "None",
        "shortLongTermDebtTotal": "12966000000",
        "otherCurrentLiabilities": "5742000000",
        "otherNonCurrentLiabilities": "None",
        "totalShareholderEquity": "9224000000",
        "treasuryStock": "None",
        "retainedEarnings": "927000000",
        "commonStock": "3000000",
        "commonStockSharesOutstanding": "1593300000"
      },
      {
        "fiscalDateEnding": "2020-05-31",
        "reportedCurrency": "USD",
        "totalAssets": "31342000000",
        "totalCurrentAssets": "20556000000",
        "cashAndCashEquivalentsAtCarryingValue": "8348000000",
        "cashAndShortTermInvestments": "8348000000",
        "inventory": "7367000000",
        "currentNetReceivables": "2749000000",
        "totalNonCurrentAssets": "10786000000",
        "propertyPlantEquipment": "4866000000",
        "accumulatedDepreciationAmortizationPPE": "None",
        "intangibleAssets": "274000000",
        "intangibleAssetsExcludingGoodwill": "274000000",
        "goodwill": "223000000",
        "investments": "None",
        "longTermInvestments": "None",
        "shortTermInvestments": "439000000",
        "otherCurrentAssets": "1653000000",
        "otherNonCurrentAssets": "None",
        "totalLiabilities": "23287000000",
        "totalCurrentLiabilities": "8284000000",
        "currentAccountsPayable": "2248000000",
        "deferredRevenue": "None",
        "currentDebt": "None",
        "shortTermDebt": "696000000",
        "totalNonCurrentLiabilities": "15003000000",
        "capitalLeaseObligations": "3358000000",
        "longTermDebt": "9406000000",
        "currentLongTermDebt": "251000000",
        "longTermDebtNoncurrent": "None",
        "shortLongTermDebtTotal": "13015000000",
        "otherCurrentLiabilities": "5184000000",
        "otherNonCurrentLiabilities": "None",
        "totalShareholderEquity": "8055000000",
        "treasuryStock": "None",
        "retainedEarnings": "-191000000",
        "commonStock": "3000000",
        "commonStockSharesOutstanding": "1555700000"
      },
      {
        "fiscalDateEnding": "2020-02-29",
        "reportedCurrency": "USD",
        "totalAssets": "26220000000",
        "totalCurrentAssets": "15744000000",
        "cashAndCashEquivalentsAtCarryingValue": "2863000000",
        "cashAndShortTermInvestments": "2863000000",
        "inventory": "5807000000",
        "currentNetReceivables": "4473000000",
        "totalNonCurrentAssets": "10476000000",
        "propertyPlantEquipment": "4783000000",
        "accumulatedDepreciationAmortizationPPE": "None",
        "intangibleAssets": "275000000",
        "intangibleAssetsExcludingGoodwill": "275000000",
        "goodwill": "223000000",
        "investments": "None",
        "longTermInvestments": "None",
        "shortTermInvestments": "319000000",
        "otherCurrentAssets": "2282000000",
        "otherNonCurrentAssets": "None",
        "totalLiabilities": "17175000000",
        "totalCurrentLiabilities": "8280000000",
        "currentAccountsPayable": "2221000000",
        "deferredRevenue": "None",
        "currentDebt": "None",
        "shortTermDebt": "435000000",
        "totalNonCurrentLiabilities": "8895000000",
        "capitalLeaseObligations": "3180000000",
        "longTermDebt": "3463000000",
        "currentLongTermDebt": "13000000",
        "longTermDebtNoncurrent": "None",
        "shortLongTermDebtTotal": "6656000000",
        "otherCurrentLiabilities": "5356000000",
        "otherNonCurrentLiabilities": "None",
        "totalShareholderEquity": "9045000000",
        "treasuryStock": "None",
        "retainedEarnings": "1128000000",
        "commonStock": "3000000",
        "commonStockSharesOutstanding": "1591600000"
      },
      {
        "fiscalDateEnding": "2019-11-30",
        "reportedCurrency": "USD",
        "totalAssets": "26602000000",
        "totalCurrentAssets": "16369000000",
        "cashAndCashEquivalentsAtCarryingValue": "3070000000",
        "cashAndShortTermInvestments": "3070000000",
        "inventory": "6199000000",
        "currentNetReceivables": "4792000000",
        "totalNonCurrentAssets": "10233000000",
        "propertyPlantEquipment": "4668000000",
        "accumulatedDepreciationAmortizationPPE": "None",
        "intangibleAssets": "277000000",
        "intangibleAssetsExcludingGoodwill": "277000000",
        "goodwill": "224000000",
        "investments": "None",
        "longTermInvestments": "None",
        "shortTermInvestments": "432000000",
        "otherCurrentAssets": "1876000000",
        "otherNonCurrentAssets": "None",
        "totalLiabilities": "17251000000",
        "totalCurrentLiabilities": "8264000000",
        "currentAccountsPayable": "2627000000",
        "deferredRevenue": "None",
        "currentDebt": "None",
        "shortTermDebt": "737000000",
        "totalNonCurrentLiabilities": "8987000000",
        "capitalLeaseObligations": "3154000000",
        "longTermDebt": "3462000000",
        "currentLongTermDebt": "306000000",
        "longTermDebtNoncurrent": "None",
        "shortLongTermDebtTotal": "6922000000",
        "otherCurrentLiabilities": "4672000000",
        "otherNonCurrentLiabilities": "None",
        "totalShareholderEquity": "9351000000",
        "treasuryStock": "None",
        "retainedEarnings": "1577000000",
        "commonStock": "3000000",
        "commonStockSharesOutstanding": "1594400000"
      },
      {
        "fiscalDateEnding": "2019-08-31",
        "reportedCurrency": "USD",
        "totalAssets": "26249000000",
        "totalCurrentAssets": "16228000000",
        "cashAndCashEquivalentsAtCarryingValue": "3446000000",
        "cashAndShortTermInvestments": "3446000000",
        "inventory": "5835000000",
        "currentNetReceivables": "4656000000",
        "totalNonCurrentAssets": "10021000000",
        "propertyPlantEquipment": "4615000000",
        "accumulatedDepreciationAmortizationPPE": "None",
        "intangibleAssets": "279000000",
        "intangibleAssetsExcludingGoodwill": "279000000",
        "goodwill": "224000000",
        "investments": "None",
        "longTermInvestments": "None",
        "shortTermInvestments": "198000000",
        "otherCurrentAssets": "2093000000",
        "otherNonCurrentAssets": "None",
        "totalLiabilities": "17049000000",
        "totalCurrentLiabilities": "8070000000",
        "currentAccountsPayable": "2716000000",
        "deferredRevenue": "None",
        "currentDebt": "None",
        "shortTermDebt": "683000000",
        "totalNonCurrentLiabilities": "8979000000",
        "capitalLeaseObligations": "3102000000",
        "longTermDebt": "3463000000",
        "currentLongTermDebt": "256000000",
        "longTermDebtNoncurrent": "None",
        "shortLongTermDebtTotal": "6821000000",
        "otherCurrentLiabilities": "4455000000",
        "otherNonCurrentLiabilities": "None",
        "totalShareholderEquity": "9200000000",
        "treasuryStock": "None",
        "retainedEarnings": "1721000000",
        "commonStock": "3000000",
        "commonStockSharesOutstanding": "1597500000"
      },
      {
        "fiscalDateEnding": "2019-05-31",
        "reportedCurrency": "USD",
        "totalAssets": "23717000000",
        "totalCurrentAssets": "16525000000",
        "cashAndCashEquivalentsAtCarryingValue": "4466000000",
        "cashAndShortTermInvestments": "4466000000",
        "inventory": "5622000000",
        "currentNetReceivables": "4272000000",
        "totalNonCurrentAssets": "7192000000",
        "propertyPlantEquipment": "4744000000",
        "accumulatedDepreciationAmortizationPPE": "None",
        "intangibleAssets": "283000000",
        "intangibleAssetsExcludingGoodwill": "283000000",
        "goodwill": "154000000",
        "investments": "None",
        "longTermInvestments": "None",
        "shortTermInvestments": "197000000",
        "otherCurrentAssets": "1968000000",
        "otherNonCurrentAssets": "None",
        "totalLiabilities": "14677000000",
        "totalCurrentLiabilities": "7866000000",
        "currentAccountsPayable": "2612000000",
        "deferredRevenue": "None",
        "currentDebt": "None",
        "shortTermDebt": "15000000",
        "totalNonCurrentLiabilities": "6811000000",
        "capitalLeaseObligations": "None",
        "longTermDebt": "3464000000",
        "currentLongTermDebt": "15000000",
        "longTermDebtNoncurrent": "None",
        "shortLongTermDebtTotal": "3479000000",
        "otherCurrentLiabilities": "5010000000",
        "otherNonCurrentLiabilities": "None",
        "totalShareholderEquity": "9040000000",
        "treasuryStock": "None",
        "retainedEarnings": "1643000000",
        "commonStock": "3000000",
        "commonStockSharesOutstanding": "1607500000"
      },
      {
        "fiscalDateEnding": "2019-02-28",
        "reportedCurrency": "USD",
        "totalAssets": "22921000000",
        "totalCurrentAssets": "15796000000",
        "cashAndCashEquivalentsAtCarryingValue": "3695000000",
        "cashAndShortTermInvestments": "3695000000",
        "inventory": "5415000000",
        "currentNetReceivables": "4549000000",
        "totalNonCurrentAssets": "7125000000",
        "propertyPlantEquipment": "4688000000",
        "accumulatedDepreciationAmortizationPPE": "None",
        "intangibleAssets": "283000000",
        "intangibleAssetsExcludingGoodwill": "283000000",
        "goodwill": "154000000",
        "investments": "None",
        "longTermInvestments": "None",
        "shortTermInvestments": "351000000",
        "otherCurrentAssets": "1786000000",
        "otherNonCurrentAssets": "None",
        "totalLiabilities": "13960000000",
        "totalCurrentLiabilities": "7281000000",
        "currentAccountsPayable": "2307000000",
        "deferredRevenue": "None",
        "currentDebt": "None",
        "shortTermDebt": "22000000",
        "totalNonCurrentLiabilities": "6679000000",
        "capitalLeaseObligations": "None",
        "longTermDebt": "3465000000",
        "currentLongTermDebt": "22000000",
        "longTermDebtNoncurrent": "None",
        "shortLongTermDebtTotal": "3487000000",
        "otherCurrentLiabilities": "4738000000",
        "otherNonCurrentLiabilities": "None",
        "totalShareholderEquity": "8961000000",
        "treasuryStock": "None",
        "retainedEarnings": "1851000000",
        "commonStock": "3000000",
        "commonStockSharesOutstanding": "1609600000"
      },
      {
        "fiscalDateEnding": "2018-11-30",
        "reportedCurrency": "USD",
        "totalAssets": "22677000000",
        "totalCurrentAssets": "15566000000",
        "cashAndCashEquivalentsAtCarryingValue": "3423000000",
        "cashAndShortTermInvestments": "3423000000",
        "inventory": "5388000000",
        "currentNetReceivables": "4346000000",
        "totalNonCurrentAssets": "7111000000",
        "propertyPlantEquipment": "4588000000",
        "accumulatedDepreciationAmortizationPPE": "None",
        "intangibleAssets": "284000000",
        "intangibleAssetsExcludingGoodwill": "284000000",
        "goodwill": "154000000",
        "investments": "None",
        "longTermInvestments": "None",
        "shortTermInvestments": "618000000",
        "otherCurrentAssets": "1791000000",
        "otherNonCurrentAssets": "None",
        "totalLiabilities": "13948000000",
        "totalCurrentLiabilities": "7278000000",
        "currentAccountsPayable": "2574000000",
        "deferredRevenue": "None",
        "currentDebt": "None",
        "shortTermDebt": "15000000",
        "totalNonCurrentLiabilities": "6670000000",
        "capitalLeaseObligations": "None",
        "longTermDebt": "3466000000",
        "currentLongTermDebt": "6000000",
        "longTermDebtNoncurrent": "None",
        "shortLongTermDebtTotal": "3481000000",
        "otherCurrentLiabilities": "4478000000",
        "otherNonCurrentLiabilities": "None",
        "totalShareholderEquity": "8729000000",
        "treasuryStock": "0",
        "retainedEarnings": "1810000000",
        "commonStock": "3000000",
        "commonStockSharesOutstanding": "1620700000"
      },
      {
        "fiscalDateEnding": "2018-08-31",
        "reportedCurrency": "USD",
        "totalAssets": "22483000000",
        "totalCurrentAssets": "15501000000",
        "cashAndCashEquivalentsAtCarryingValue": "3282000000",
        "cashAndShortTermInvestments": "3282000000",
        "inventory": "5227000000",
        "currentNetReceivables": "4330000000",
        "totalNonCurrentAssets": "6982000000",
        "propertyPlantEquipment": "4487000000",
        "accumulatedDepreciationAmortizationPPE": "None",
        "intangibleAssets": "284000000",
        "intangibleAssetsExcludingGoodwill": "284000000",
        "goodwill": "154000000",
        "investments": "None",
        "longTermInvestments": "None",
        "shortTermInvestments": "987000000",
        "otherCurrentAssets": "1675000000",
        "otherNonCurrentAssets": "None",
        "totalLiabilities": "13491000000",
        "totalCurrentLiabilities": "6708000000",
        "currentAccountsPayable": "2333000000",
        "deferredRevenue": "None",
        "currentDebt": "None",
        "shortTermDebt": "19000000",
        "totalNonCurrentLiabilities": "6783000000",
        "capitalLeaseObligations": "None",
        "longTermDebt": "3467000000",
        "currentLongTermDebt": "6000000",
        "longTermDebtNoncurrent": "None",
        "shortLongTermDebtTotal": "3486000000",
        "otherCurrentLiabilities": "4174000000",
        "otherNonCurrentLiabilities": "None",
        "totalShareholderEquity": "8992000000",
        "treasuryStock": "0",
        "retainedEarnings": "2494000000",
        "commonStock": "3000000",
        "commonStockSharesOutstanding": "1634400000"
      },
      {
        "fiscalDateEnding": "2018-05-31",
        "reportedCurrency": "USD",
        "totalAssets": "22536000000",
        "totalCurrentAssets": "15134000000",
        "cashAndCashEquivalentsAtCarryingValue": "4249000000",
        "cashAndShortTermInvestments": "4249000000",
        "inventory": "5261000000",
        "currentNetReceivables": "3498000000",
        "totalNonCurrentAssets": "7402000000",
        "propertyPlantEquipment": "4454000000",
        "accumulatedDepreciationAmortizationPPE": "None",
        "intangibleAssets": "285000000",
        "intangibleAssetsExcludingGoodwill": "285000000",
        "goodwill": "154000000",
        "investments": "None",
        "longTermInvestments": "None",
        "shortTermInvestments": "996000000",
        "otherCurrentAssets": "1130000000",
        "otherNonCurrentAssets": "None",
        "totalLiabilities": "12724000000",
        "totalCurrentLiabilities": "6040000000",
        "currentAccountsPayable": "2279000000",
        "deferredRevenue": "None",
        "currentDebt": "None",
        "shortTermDebt": "342000000",
        "totalNonCurrentLiabilities": "6684000000",
        "capitalLeaseObligations": "None",
        "longTermDebt": "3468000000",
        "currentLongTermDebt": "6000000",
        "longTermDebtNoncurrent": "None",
        "shortLongTermDebtTotal": "3810000000",
        "otherCurrentLiabilities": "3269000000",
        "otherNonCurrentLiabilities": "None",
        "totalShareholderEquity": "9812000000",
        "treasuryStock": "0",
        "retainedEarnings": "3517000000",
        "commonStock": "3000000",
        "commonStockSharesOutstanding": "1641200000"
      },
      {
        "fiscalDateEnding": "2018-02-28",
        "reportedCurrency": "USD",
        "totalAssets": "22552000000",
        "totalCurrentAssets": "15355000000",
        "cashAndCashEquivalentsAtCarryingValue": "3662000000",
        "cashAndShortTermInvestments": "3662000000",
        "inventory": "5366000000",
        "currentNetReceivables": "3792000000",
        "totalNonCurrentAssets": "7197000000",
        "propertyPlantEquipment": "4298000000",
        "accumulatedDepreciationAmortizationPPE": "None",
        "intangibleAssets": "282000000",
        "intangibleAssetsExcludingGoodwill": "282000000",
        "goodwill": "139000000",
        "investments": "None",
        "longTermInvestments": "None",
        "shortTermInvestments": "1089000000",
        "otherCurrentAssets": "1446000000",
        "otherNonCurrentAssets": "None",
        "totalLiabilities": "12770000000",
        "totalCurrentLiabilities": "5783000000",
        "currentAccountsPayable": "1961000000",
        "deferredRevenue": "None",
        "currentDebt": "None",
        "shortTermDebt": "17000000",
        "totalNonCurrentLiabilities": "6987000000",
        "capitalLeaseObligations": "None",
        "longTermDebt": "3469000000",
        "currentLongTermDebt": "6000000",
        "longTermDebtNoncurrent": "None",
        "shortLongTermDebtTotal": "3486000000",
        "otherCurrentLiabilities": "3727000000",
        "otherNonCurrentLiabilities": "None",
        "totalShareholderEquity": "9782000000",
        "treasuryStock": "0",
        "retainedEarnings": "1078000000",
        "commonStock": "3000000",
        "commonStockSharesOutstanding": "1623500000"
      },
      {
        "fiscalDateEnding": "2017-11-30",
        "reportedCurrency": "USD",
        "totalAssets": "24055000000",
        "totalCurrentAssets": "16582000000",
        "cashAndCashEquivalentsAtCarryingValue": "4304000000",
        "cashAndShortTermInvestments": "4304000000",
        "inventory": "5326000000",
        "currentNetReceivables": "3613000000",
        "totalNonCurrentAssets": "7473000000",
        "propertyPlantEquipment": "4117000000",
        "accumulatedDepreciationAmortizationPPE": "None",
        "intangibleAssets": "282000000",
        "intangibleAssetsExcludingGoodwill": "282000000",
        "goodwill": "139000000",
        "investments": "None",
        "longTermInvestments": "None",
        "shortTermInvestments": "2085000000",
        "otherCurrentAssets": "1254000000",
        "otherNonCurrentAssets": "None",
        "totalLiabilities": "12297000000",
        "totalCurrentLiabilities": "6750000000",
        "currentAccountsPayable": "2141000000",
        "deferredRevenue": "None",
        "currentDebt": "None",
        "shortTermDebt": "1239000000",
        "totalNonCurrentLiabilities": "5547000000",
        "capitalLeaseObligations": "None",
        "longTermDebt": "3472000000",
        "currentLongTermDebt": "10000000",
        "longTermDebtNoncurrent": "None",
        "shortLongTermDebtTotal": "4711000000",
        "otherCurrentLiabilities": "3278000000",
        "otherNonCurrentLiabilities": "None",
        "totalShareholderEquity": "11758000000",
        "treasuryStock": "0",
        "retainedEarnings": "3301000000",
        "commonStock": "3000000",
        "commonStockSharesOutstanding": "1660900000"
      },
      {
        "fiscalDateEnding": "2017-08-31",
        "reportedCurrency": "USD",
        "totalAssets": "23647000000",
        "totalCurrentAssets": "16192000000",
        "cashAndCashEquivalentsAtCarryingValue": "3413000000",
        "cashAndShortTermInvestments": "3413000000",
        "inventory": "5211000000",
        "currentNetReceivables": "3871000000",
        "totalNonCurrentAssets": "7455000000",
        "propertyPlantEquipment": "4086000000",
        "accumulatedDepreciationAmortizationPPE": "None",
        "intangibleAssets": "283000000",
        "intangibleAssetsExcludingGoodwill": "283000000",
        "goodwill": "139000000",
        "investments": "None",
        "longTermInvestments": "None",
        "shortTermInvestments": "2106000000",
        "otherCurrentAssets": "1591000000",
        "otherNonCurrentAssets": "None",
        "totalLiabilities": "11654000000",
        "totalCurrentLiabilities": "6056000000",
        "currentAccountsPayable": "2116000000",
        "deferredRevenue": "None",
        "currentDebt": "None",
        "shortTermDebt": "342000000",
        "totalNonCurrentLiabilities": "5598000000",
        "capitalLeaseObligations": "None",
        "longTermDebt": "3472000000",
        "currentLongTermDebt": "3814000000",
        "longTermDebtNoncurrent": "None",
        "shortLongTermDebtTotal": "3814000000",
        "otherCurrentLiabilities": "3501000000",
        "otherNonCurrentLiabilities": "None",
        "totalShareholderEquity": "11993000000",
        "treasuryStock": "0",
        "retainedEarnings": "3759000000",
        "commonStock": "3000000",
        "commonStockSharesOutstanding": "1676900000"
      },
      {
        "fiscalDateEnding": "2017-05-31",
        "reportedCurrency": "USD",
        "totalAssets": "23259000000",
        "totalCurrentAssets": "16061000000",
        "cashAndCashEquivalentsAtCarryingValue": "3808000000",
        "cashAndShortTermInvestments": "3808000000",
        "inventory": "5055000000",
        "currentNetReceivables": "3677000000",
        "totalNonCurrentAssets": "7198000000",
        "propertyPlantEquipment": "3989000000",
        "accumulatedDepreciationAmortizationPPE": "None",
        "intangibleAssets": "283000000",
        "intangibleAssetsExcludingGoodwill": "283000000",
        "goodwill": "139000000",
        "investments": "None",
        "longTermInvestments": "None",
        "shortTermInvestments": "2371000000",
        "otherCurrentAssets": "1150000000",
        "otherNonCurrentAssets": "None",
        "totalLiabilities": "10852000000",
        "totalCurrentLiabilities": "5474000000",
        "currentAccountsPayable": "2048000000",
        "deferredRevenue": "None",
        "currentDebt": "None",
        "shortTermDebt": "331000000",
        "totalNonCurrentLiabilities": "5378000000",
        "capitalLeaseObligations": "None",
        "longTermDebt": "3471000000",
        "currentLongTermDebt": "6000000",
        "longTermDebtNoncurrent": "None",
        "shortLongTermDebtTotal": "3802000000",
        "otherCurrentLiabilities": "3011000000",
        "otherNonCurrentLiabilities": "None",
        "totalShareholderEquity": "12407000000",
        "treasuryStock": "0",
        "retainedEarnings": "6907000000",
        "commonStock": "3000000",
        "commonStockSharesOutstanding": "1678600000"
      },
      {
        "fiscalDateEnding": "2017-02-28",
        "reportedCurrency": "USD",
        "totalAssets": "23152000000",
        "totalCurrentAssets": "16205000000",
        "cashAndCashEquivalentsAtCarryingValue": "4021000000",
        "cashAndShortTermInvestments": "4021000000",
        "inventory": "4932000000",
        "currentNetReceivables": "3752000000",
        "totalNonCurrentAssets": "6947000000",
        "propertyPlantEquipment": "3793000000",
        "accumulatedDepreciationAmortizationPPE": "None",
        "intangibleAssets": "283000000",
        "intangibleAssetsExcludingGoodwill": "283000000",
        "goodwill": "139000000",
        "investments": "None",
        "longTermInvestments": "None",
        "shortTermInvestments": "2139000000",
        "otherCurrentAssets": "1361000000",
        "otherNonCurrentAssets": "None",
        "totalLiabilities": "10430000000",
        "totalCurrentLiabilities": "5271000000",
        "currentAccountsPayable": "1938000000",
        "deferredRevenue": "None",
        "currentDebt": "None",
        "shortTermDebt": "29000000",
        "totalNonCurrentLiabilities": "5159000000",
        "capitalLeaseObligations": "None",
        "longTermDebt": "3472000000",
        "currentLongTermDebt": "29000000",
        "longTermDebtNoncurrent": "None",
        "shortLongTermDebtTotal": "3501000000",
        "otherCurrentLiabilities": "3228000000",
        "otherNonCurrentLiabilities": "None",
        "totalShareholderEquity": "12722000000",
        "treasuryStock": "0",
        "retainedEarnings": "4095000000",
        "commonStock": "3000000",
        "commonStockSharesOutstanding": "1686300000"
      },
      {
        "fiscalDateEnding": "2016-11-30",
        "reportedCurrency": "USD",
        "totalAssets": "22652000000",
        "totalCurrentAssets": "16011000000",
        "cashAndCashEquivalentsAtCarryingValue": "4339000000",
        "cashAndShortTermInvestments": "4339000000",
        "inventory": "5033000000",
        "currentNetReceivables": "3478000000",
        "totalNonCurrentAssets": "6641000000",
        "propertyPlantEquipment": "3566000000",
        "accumulatedDepreciationAmortizationPPE": "None",
        "intangibleAssets": "283000000",
        "intangibleAssetsExcludingGoodwill": "283000000",
        "goodwill": "139000000",
        "investments": "None",
        "longTermInvestments": "None",
        "shortTermInvestments": "1604000000",
        "otherCurrentAssets": "1557000000",
        "otherNonCurrentAssets": "None",
        "totalLiabilities": "10329000000",
        "totalCurrentLiabilities": "5225000000",
        "currentAccountsPayable": "2033000000",
        "deferredRevenue": "None",
        "currentDebt": "None",
        "shortTermDebt": "64000000",
        "totalNonCurrentLiabilities": "5104000000",
        "capitalLeaseObligations": "None",
        "longTermDebt": "3473000000",
        "currentLongTermDebt": "64000000",
        "longTermDebtNoncurrent": "None",
        "shortLongTermDebtTotal": "3537000000",
        "otherCurrentLiabilities": "3076000000",
        "otherNonCurrentLiabilities": "None",
        "totalShareholderEquity": "12323000000",
        "treasuryStock": "0",
        "retainedEarnings": "3725000000",
        "commonStock": "3000000",
        "commonStockSharesOutstanding": "1693200000"
      },
      {
        "fiscalDateEnding": "2016-08-31",
        "reportedCurrency": "USD",
        "totalAssets": "21156000000",
        "totalCurrentAssets": "14589000000",
        "cashAndCashEquivalentsAtCarryingValue": "2659000000",
        "cashAndShortTermInvestments": "2659000000",
        "inventory": "4896000000",
        "currentNetReceivables": "3526000000",
        "totalNonCurrentAssets": "6567000000",
        "propertyPlantEquipment": "3572000000",
        "accumulatedDepreciationAmortizationPPE": "None",
        "intangibleAssets": "284000000",
        "intangibleAssetsExcludingGoodwill": "284000000",
        "goodwill": "139000000",
        "investments": "None",
        "longTermInvestments": "None",
        "shortTermInvestments": "2128000000",
        "otherCurrentAssets": "1380000000",
        "otherNonCurrentAssets": "None",
        "totalLiabilities": "8991000000",
        "totalCurrentLiabilities": "5363000000",
        "currentAccountsPayable": "2088000000",
        "deferredRevenue": "None",
        "currentDebt": "None",
        "shortTermDebt": "66000000",
        "totalNonCurrentLiabilities": "3628000000",
        "capitalLeaseObligations": "None",
        "longTermDebt": "1993000000",
        "currentLongTermDebt": "66000000",
        "longTermDebtNoncurrent": "None",
        "shortLongTermDebtTotal": "2059000000",
        "otherCurrentLiabilities": "3147000000",
        "otherNonCurrentLiabilities": "None",
        "totalShareholderEquity": "12165000000",
        "treasuryStock": "0",
        "retainedEarnings": "4078000000",
        "commonStock": "3000000",
        "commonStockSharesOutstanding": "1708900000"
      },
      {
        "fiscalDateEnding": "2016-05-31",
        "reportedCurrency": "USD",
        "totalAssets": "21379000000",
        "totalCurrentAssets": "15025000000",
        "cashAndCashEquivalentsAtCarryingValue": "3138000000",
        "cashAndShortTermInvestments": "3138000000",
        "inventory": "4838000000",
        "currentNetReceivables": "3241000000",
        "totalNonCurrentAssets": "6354000000",
        "propertyPlantEquipment": "3520000000",
        "accumulatedDepreciationAmortizationPPE": "None",
        "intangibleAssets": "281000000",
        "intangibleAssetsExcludingGoodwill": "281000000",
        "goodwill": "131000000",
        "investments": "None",
        "longTermInvestments": "None",
        "shortTermInvestments": "2319000000",
        "otherCurrentAssets": "1489000000",
        "otherNonCurrentAssets": "None",
        "totalLiabilities": "9121000000",
        "totalCurrentLiabilities": "5358000000",
        "currentAccountsPayable": "2191000000",
        "deferredRevenue": "None",
        "currentDebt": "None",
        "shortTermDebt": "45000000",
        "totalNonCurrentLiabilities": "3763000000",
        "capitalLeaseObligations": "None",
        "longTermDebt": "2010000000",
        "currentLongTermDebt": "89000000",
        "longTermDebtNoncurrent": "None",
        "shortLongTermDebtTotal": "2038000000",
        "otherCurrentLiabilities": "3037000000",
        "otherNonCurrentLiabilities": "None",
        "totalShareholderEquity": "12258000000",
        "treasuryStock": "0",
        "retainedEarnings": "4151000000",
        "commonStock": "3000000",
        "commonStockSharesOutstanding": "1723100000"
      },
      {
        "fiscalDateEnding": "2016-02-29",
        "reportedCurrency": "USD",
        "totalAssets": "20987000000",
        "totalCurrentAssets": "15256000000",
        "cashAndCashEquivalentsAtCarryingValue": "3044000000",
        "cashAndShortTermInvestments": "3044000000",
        "inventory": "4590000000",
        "currentNetReceivables": "3368000000",
        "totalNonCurrentAssets": "5731000000",
        "propertyPlantEquipment": "3329000000",
        "accumulatedDepreciationAmortizationPPE": "None",
        "intangibleAssets": "281000000",
        "intangibleAssetsExcludingGoodwill": "281000000",
        "goodwill": "131000000",
        "investments": "None",
        "longTermInvestments": "None",
        "shortTermInvestments": "2062000000",
        "otherCurrentAssets": "2192000000",
        "otherNonCurrentAssets": "None",
        "totalLiabilities": "8687000000",
        "totalCurrentLiabilities": "4980000000",
        "currentAccountsPayable": "1714000000",
        "deferredRevenue": "None",
        "currentDebt": "None",
        "shortTermDebt": "7000000",
        "totalNonCurrentLiabilities": "3707000000",
        "capitalLeaseObligations": "None",
        "longTermDebt": "2048000000",
        "currentLongTermDebt": "None",
        "longTermDebtNoncurrent": "None",
        "shortLongTermDebtTotal": "2055000000",
        "otherCurrentLiabilities": "3224000000",
        "otherNonCurrentLiabilities": "None",
        "totalShareholderEquity": "12300000000",
        "treasuryStock": "0",
        "retainedEarnings": "4113000000",
        "commonStock": "3000000",
        "commonStockSharesOutstanding": "1737300000"
      },
      {
        "fiscalDateEnding": "2015-11-30",
        "reportedCurrency": "USD",
        "totalAssets": "22583000000",
        "totalCurrentAssets": "16755000000",
        "cashAndCashEquivalentsAtCarryingValue": "3851000000",
        "cashAndShortTermInvestments": "3851000000",
        "inventory": "4600000000",
        "currentNetReceivables": "3437000000",
        "totalNonCurrentAssets": "5828000000",
        "propertyPlantEquipment": "3235000000",
        "accumulatedDepreciationAmortizationPPE": "None",
        "intangibleAssets": "281000000",
        "intangibleAssetsExcludingGoodwill": "281000000",
        "goodwill": "131000000",
        "investments": "None",
        "longTermInvestments": "None",
        "shortTermInvestments": "2265000000",
        "otherCurrentAssets": "2602000000",
        "otherNonCurrentAssets": "None",
        "totalLiabilities": "9178000000",
        "totalCurrentLiabilities": "5511000000",
        "currentAccountsPayable": "1915000000",
        "deferredRevenue": "None",
        "currentDebt": "None",
        "shortTermDebt": "104000000",
        "totalNonCurrentLiabilities": "3667000000",
        "capitalLeaseObligations": "None",
        "longTermDebt": "2067000000",
        "currentLongTermDebt": "None",
        "longTermDebtNoncurrent": "None",
        "shortLongTermDebtTotal": "2171000000",
        "otherCurrentLiabilities": "3451000000",
        "otherNonCurrentLiabilities": "None",
        "totalShareholderEquity": "13405000000",
        "treasuryStock": "0",
        "retainedEarnings": "4887000000",
        "commonStock": "3000000",
        "commonStockSharesOutstanding": "1751400000"
      },
      {
        "fiscalDateEnding": "2015-08-31",
        "reportedCurrency": "USD",
        "totalAssets": "20766000000",
        "totalCurrentAssets": "15238000000",
        "cashAndCashEquivalentsAtCarryingValue": "3246000000",
        "cashAndShortTermInvestments": "3246000000",
        "inventory": "4414000000",
        "currentNetReceivables": "3288000000",
        "totalNonCurrentAssets": "5528000000",
        "propertyPlantEquipment": "3112000000",
        "accumulatedDepreciationAmortizationPPE": "None",
        "intangibleAssets": "281000000",
        "intangibleAssetsExcludingGoodwill": "281000000",
        "goodwill": "131000000",
        "investments": "None",
        "longTermInvestments": "None",
        "shortTermInvestments": "2162000000",
        "otherCurrentAssets": "2128000000",
        "otherNonCurrentAssets": "None",
        "totalLiabilities": "7872000000",
        "totalCurrentLiabilities": "5276000000",
        "currentAccountsPayable": "1933000000",
        "deferredRevenue": "None",
        "currentDebt": "None",
        "shortTermDebt": "129000000",
        "totalNonCurrentLiabilities": "2596000000",
        "capitalLeaseObligations": "None",
        "longTermDebt": "1079000000",
        "currentLongTermDebt": "None",
        "longTermDebtNoncurrent": "None",
        "shortLongTermDebtTotal": "1208000000",
        "otherCurrentLiabilities": "3139000000",
        "otherNonCurrentLiabilities": "None",
        "totalShareholderEquity": "12894000000",
        "treasuryStock": "0",
        "retainedEarnings": "5029000000",
        "commonStock": "3000000",
        "commonStockSharesOutstanding": "1754600000"
      },
      {
        "fiscalDateEnding": "2015-05-31",
        "reportedCurrency": "USD",
        "totalAssets": "21597000000",
        "totalCurrentAssets": "15587000000",
        "cashAndCashEquivalentsAtCarryingValue": "3852000000",
        "cashAndShortTermInvestments": "3852000000",
        "inventory": "4337000000",
        "currentNetReceivables": "3358000000",
        "totalNonCurrentAssets": "6010000000",
        "propertyPlantEquipment": "3011000000",
        "accumulatedDepreciationAmortizationPPE": "None",
        "intangibleAssets": "281000000",
        "intangibleAssetsExcludingGoodwill": "281000000",
        "goodwill": "131000000",
        "investments": "None",
        "longTermInvestments": "None",
        "shortTermInvestments": "2072000000",
        "otherCurrentAssets": "1968000000",
        "otherNonCurrentAssets": "None",
        "totalLiabilities": "8890000000",
        "totalCurrentLiabilities": "6332000000",
        "currentAccountsPayable": "2131000000",
        "deferredRevenue": "None",
        "currentDebt": "None",
        "shortTermDebt": "181000000",
        "totalNonCurrentLiabilities": "2558000000",
        "capitalLeaseObligations": "None",
        "longTermDebt": "1079000000",
        "currentLongTermDebt": "107000000",
        "longTermDebtNoncurrent": "None",
        "shortLongTermDebtTotal": "1260000000",
        "otherCurrentLiabilities": "3949000000",
        "otherNonCurrentLiabilities": "None",
        "totalShareholderEquity": "12707000000",
        "treasuryStock": "0",
        "retainedEarnings": "4685000000",
        "commonStock": "3000000",
        "commonStockSharesOutstanding": "1759600000"
      },
      {
        "fiscalDateEnding": "2015-02-28",
        "reportedCurrency": "USD",
        "totalAssets": "20541000000",
        "totalCurrentAssets": "15207000000",
        "cashAndCashEquivalentsAtCarryingValue": "3015000000",
        "cashAndShortTermInvestments": "3015000000",
        "inventory": "4246000000",
        "currentNetReceivables": "3294000000",
        "totalNonCurrentAssets": "5334000000",
        "propertyPlantEquipment": "2862000000",
        "accumulatedDepreciationAmortizationPPE": "None",
        "intangibleAssets": "281000000",
        "intangibleAssetsExcludingGoodwill": "281000000",
        "goodwill": "131000000",
        "investments": "None",
        "longTermInvestments": "None",
        "shortTermInvestments": "2346000000",
        "otherCurrentAssets": "2306000000",
        "otherNonCurrentAssets": "None",
        "totalLiabilities": "8173000000",
        "totalCurrentLiabilities": "5586000000",
        "currentAccountsPayable": "1821000000",
        "deferredRevenue": "None",
        "currentDebt": "None",
        "shortTermDebt": "169000000",
        "totalNonCurrentLiabilities": "2587000000",
        "capitalLeaseObligations": "None",
        "longTermDebt": "1082000000",
        "currentLongTermDebt": "None",
        "longTermDebtNoncurrent": "None",
        "shortLongTermDebtTotal": "1251000000",
        "otherCurrentLiabilities": "3563000000",
        "otherNonCurrentLiabilities": "None",
        "totalShareholderEquity": "12368000000",
        "treasuryStock": "0",
        "retainedEarnings": "4737000000",
        "commonStock": "3000000",
        "commonStockSharesOutstanding": "1767600000"
      },
      {
        "fiscalDateEnding": "2014-11-30",
        "reportedCurrency": "USD",
        "totalAssets": "19167000000",
        "totalCurrentAssets": "14033000000",
        "cashAndCashEquivalentsAtCarryingValue": "2273000000",
        "cashAndShortTermInvestments": "2273000000",
        "inventory": "4150000000",
        "currentNetReceivables": "3457000000",
        "totalNonCurrentAssets": "5134000000",
        "propertyPlantEquipment": "2927000000",
        "accumulatedDepreciationAmortizationPPE": "None",
        "intangibleAssets": "281000000",
        "intangibleAssetsExcludingGoodwill": "281000000",
        "goodwill": "131000000",
        "investments": "None",
        "longTermInvestments": "None",
        "shortTermInvestments": "2440000000",
        "otherCurrentAssets": "1713000000",
        "otherNonCurrentAssets": "None",
        "totalLiabilities": "7467000000",
        "totalCurrentLiabilities": "4937000000",
        "currentAccountsPayable": "2074000000",
        "deferredRevenue": "None",
        "currentDebt": "None",
        "shortTermDebt": "203000000",
        "totalNonCurrentLiabilities": "2530000000",
        "capitalLeaseObligations": "None",
        "longTermDebt": "1084000000",
        "currentLongTermDebt": "None",
        "longTermDebtNoncurrent": "None",
        "shortLongTermDebtTotal": "1287000000",
        "otherCurrentLiabilities": "2622000000",
        "otherNonCurrentLiabilities": "None",
        "totalShareholderEquity": "11700000000",
        "treasuryStock": "0",
        "retainedEarnings": "4797000000",
        "commonStock": "3000000",
        "commonStockSharesOutstanding": "1769600000"
      },
      {
        "fiscalDateEnding": "2014-08-31",
        "reportedCurrency": "USD",
        "totalAssets": "18521000000",
        "totalCurrentAssets": "13540000000",
        "cashAndCashEquivalentsAtCarryingValue": "2303000000",
        "cashAndShortTermInvestments": "2303000000",
        "inventory": "4030000000",
        "currentNetReceivables": "3587000000",
        "totalNonCurrentAssets": "4981000000",
        "propertyPlantEquipment": "2895000000",
        "accumulatedDepreciationAmortizationPPE": "None",
        "intangibleAssets": "282000000",
        "intangibleAssetsExcludingGoodwill": "282000000",
        "goodwill": "131000000",
        "investments": "None",
        "longTermInvestments": "None",
        "shortTermInvestments": "2276000000",
        "otherCurrentAssets": "1344000000",
        "otherNonCurrentAssets": "None",
        "totalLiabilities": "7416000000",
        "totalCurrentLiabilities": "4813000000",
        "currentAccountsPayable": "1970000000",
        "deferredRevenue": "None",
        "currentDebt": "None",
        "shortTermDebt": "152000000",
        "totalNonCurrentLiabilities": "2603000000",
        "capitalLeaseObligations": "None",
        "longTermDebt": "1195000000",
        "currentLongTermDebt": "None",
        "longTermDebtNoncurrent": "None",
        "shortLongTermDebtTotal": "1347000000",
        "otherCurrentLiabilities": "2441000000",
        "otherNonCurrentLiabilities": "None",
        "totalShareholderEquity": "11105000000",
        "treasuryStock": "0",
        "retainedEarnings": "4808000000",
        "commonStock": "3000000",
        "commonStockSharesOutstanding": "1772400000"
      },
      {
        "fiscalDateEnding": "2014-05-31",
        "reportedCurrency": "USD",
        "totalAssets": "18594000000",
        "totalCurrentAssets": "13696000000",
        "cashAndCashEquivalentsAtCarryingValue": "2220000000",
        "cashAndShortTermInvestments": "2220000000",
        "inventory": "3947000000",
        "currentNetReceivables": "3434000000",
        "totalNonCurrentAssets": "4898000000",
        "propertyPlantEquipment": "2834000000",
        "accumulatedDepreciationAmortizationPPE": "None",
        "intangibleAssets": "282000000",
        "intangibleAssetsExcludingGoodwill": "282000000",
        "goodwill": "131000000",
        "investments": "None",
        "longTermInvestments": "None",
        "shortTermInvestments": "2922000000",
        "otherCurrentAssets": "1173000000",
        "otherNonCurrentAssets": "None",
        "totalLiabilities": "7770000000",
        "totalCurrentLiabilities": "5027000000",
        "currentAccountsPayable": "1930000000",
        "deferredRevenue": "None",
        "currentDebt": "None",
        "shortTermDebt": "174000000",
        "totalNonCurrentLiabilities": "2743000000",
        "capitalLeaseObligations": "None",
        "longTermDebt": "1199000000",
        "currentLongTermDebt": "1507000000",
        "longTermDebtNoncurrent": "None",
        "shortLongTermDebtTotal": "1373000000",
        "otherCurrentLiabilities": "2491000000",
        "otherNonCurrentLiabilities": "None",
        "totalShareholderEquity": "10824000000",
        "treasuryStock": "0",
        "retainedEarnings": "4871000000",
        "commonStock": "3000000",
        "commonStockSharesOutstanding": "1790400000"
      },
      {
        "fiscalDateEnding": "2014-02-28",
        "reportedCurrency": "USD",
        "totalAssets": "17803000000",
        "totalCurrentAssets": "13410000000",
        "cashAndCashEquivalentsAtCarryingValue": "1864000000",
        "cashAndShortTermInvestments": "1864000000",
        "inventory": "3825000000",
        "currentNetReceivables": "3355000000",
        "totalNonCurrentAssets": "4393000000",
        "propertyPlantEquipment": "2736000000",
        "accumulatedDepreciationAmortizationPPE": "None",
        "intangibleAssets": "386000000",
        "intangibleAssetsExcludingGoodwill": "386000000",
        "goodwill": "131000000",
        "investments": "None",
        "longTermInvestments": "None",
        "shortTermInvestments": "3165000000",
        "otherCurrentAssets": "1201000000",
        "otherNonCurrentAssets": "None",
        "totalLiabilities": "6670000000",
        "totalCurrentLiabilities": "3954000000",
        "currentAccountsPayable": "1480000000",
        "deferredRevenue": "None",
        "currentDebt": "None",
        "shortTermDebt": "126000000",
        "totalNonCurrentLiabilities": "2716000000",
        "capitalLeaseObligations": "None",
        "longTermDebt": "1201000000",
        "currentLongTermDebt": "None",
        "longTermDebtNoncurrent": "None",
        "shortLongTermDebtTotal": "1327000000",
        "otherCurrentLiabilities": "2303000000",
        "otherNonCurrentLiabilities": "None",
        "totalShareholderEquity": "11133000000",
        "treasuryStock": "0",
        "retainedEarnings": "5374000000",
        "commonStock": "3000000",
        "commonStockSharesOutstanding": "1809600000"
      },
      {
        "fiscalDateEnding": "2013-11-30",
        "reportedCurrency": "USD",
        "totalAssets": "17820000000",
        "totalCurrentAssets": "13607000000",
        "cashAndCashEquivalentsAtCarryingValue": "2086000000",
        "cashAndShortTermInvestments": "2086000000",
        "inventory": "3695000000",
        "currentNetReceivables": "3208000000",
        "totalNonCurrentAssets": "4213000000",
        "propertyPlantEquipment": "2645000000",
        "accumulatedDepreciationAmortizationPPE": "None",
        "intangibleAssets": "385000000",
        "intangibleAssetsExcludingGoodwill": "385000000",
        "goodwill": "131000000",
        "investments": "None",
        "longTermInvestments": "None",
        "shortTermInvestments": "3101000000",
        "otherCurrentAssets": "1517000000",
        "otherNonCurrentAssets": "None",
        "totalLiabilities": "6476000000",
        "totalCurrentLiabilities": "3851000000",
        "currentAccountsPayable": "1612000000",
        "deferredRevenue": "None",
        "currentDebt": "None",
        "shortTermDebt": "187000000",
        "totalNonCurrentLiabilities": "2625000000",
        "capitalLeaseObligations": "None",
        "longTermDebt": "1201000000",
        "currentLongTermDebt": "None",
        "longTermDebtNoncurrent": "None",
        "shortLongTermDebtTotal": "1388000000",
        "otherCurrentLiabilities": "2005000000",
        "otherNonCurrentLiabilities": "None",
        "totalShareholderEquity": "11344000000",
        "treasuryStock": "0",
        "retainedEarnings": "5685000000",
        "commonStock": "3000000",
        "commonStockSharesOutstanding": "1821200000"
      },
      {
        "fiscalDateEnding": "2013-08-31",
        "reportedCurrency": "USD",
        "totalAssets": "17674000000",
        "totalCurrentAssets": "13618000000",
        "cashAndCashEquivalentsAtCarryingValue": "2936000000",
        "cashAndShortTermInvestments": "2936000000",
        "inventory": "3472000000",
        "currentNetReceivables": "3207000000",
        "totalNonCurrentAssets": "4056000000",
        "propertyPlantEquipment": "2557000000",
        "accumulatedDepreciationAmortizationPPE": "None",
        "intangibleAssets": "383000000",
        "intangibleAssetsExcludingGoodwill": "383000000",
        "goodwill": "131000000",
        "investments": "None",
        "longTermInvestments": "None",
        "shortTermInvestments": "2642000000",
        "otherCurrentAssets": "1361000000",
        "otherNonCurrentAssets": "None",
        "totalLiabilities": "6392000000",
        "totalCurrentLiabilities": "3863000000",
        "currentAccountsPayable": "1559000000",
        "deferredRevenue": "None",
        "currentDebt": "None",
        "shortTermDebt": "168000000",
        "totalNonCurrentLiabilities": "2529000000",
        "capitalLeaseObligations": "None",
        "longTermDebt": "1207000000",
        "currentLongTermDebt": "None",
        "longTermDebtNoncurrent": "None",
        "shortLongTermDebtTotal": "1375000000",
        "otherCurrentLiabilities": "1925000000",
        "otherNonCurrentLiabilities": "None",
        "totalShareholderEquity": "11282000000",
        "treasuryStock": "0",
        "retainedEarnings": "5762000000",
        "commonStock": "3000000",
        "commonStockSharesOutstanding": "1821400000"
      },
      {
        "fiscalDateEnding": "2013-05-31",
        "reportedCurrency": "USD",
        "totalAssets": "17545000000",
        "totalCurrentAssets": "13630000000",
        "cashAndCashEquivalentsAtCarryingValue": "3337000000",
        "cashAndShortTermInvestments": "3337000000",
        "inventory": "3484000000",
        "currentNetReceivables": "3117000000",
        "totalNonCurrentAssets": "3915000000",
        "propertyPlantEquipment": "2452000000",
        "accumulatedDepreciationAmortizationPPE": "None",
        "intangibleAssets": "289000000",
        "intangibleAssetsExcludingGoodwill": "289000000",
        "goodwill": "131000000",
        "investments": "None",
        "longTermInvestments": "None",
        "shortTermInvestments": "2628000000",
        "otherCurrentAssets": "1064000000",
        "otherNonCurrentAssets": "None",
        "totalLiabilities": "6464000000",
        "totalCurrentLiabilities": "3962000000",
        "currentAccountsPayable": "1669000000",
        "deferredRevenue": "None",
        "currentDebt": "None",
        "shortTermDebt": "155000000",
        "totalNonCurrentLiabilities": "2502000000",
        "capitalLeaseObligations": "None",
        "longTermDebt": "1210000000",
        "currentLongTermDebt": "None",
        "longTermDebtNoncurrent": "None",
        "shortLongTermDebtTotal": "1365000000",
        "otherCurrentLiabilities": "2040000000",
        "otherNonCurrentLiabilities": "None",
        "totalShareholderEquity": "11081000000",
        "treasuryStock": "0",
        "retainedEarnings": "5620000000",
        "commonStock": "3000000",
        "commonStockSharesOutstanding": "1826800000"
      },
      {
        "fiscalDateEnding": "2013-02-28",
        "reportedCurrency": "USD",
        "totalAssets": "15615000000",
        "totalCurrentAssets": "11789000000",
        "cashAndCashEquivalentsAtCarryingValue": "2557000000",
        "cashAndShortTermInvestments": "2557000000",
        "inventory": "3329000000",
        "currentNetReceivables": "3232000000",
        "totalNonCurrentAssets": "3826000000",
        "propertyPlantEquipment": "2260000000",
        "accumulatedDepreciationAmortizationPPE": "-3110000000",
        "intangibleAssets": "376000000",
        "intangibleAssetsExcludingGoodwill": "376000000",
        "goodwill": "131000000",
        "investments": "None",
        "longTermInvestments": "None",
        "shortTermInvestments": "1485000000",
        "otherCurrentAssets": "1186000000",
        "otherNonCurrentAssets": "None",
        "totalLiabilities": "4948000000",
        "totalCurrentLiabilities": "3500000000",
        "currentAccountsPayable": "1241000000",
        "deferredRevenue": "None",
        "currentDebt": "None",
        "shortTermDebt": "160000000",
        "totalNonCurrentLiabilities": "1448000000",
        "capitalLeaseObligations": "None",
        "longTermDebt": "161000000",
        "currentLongTermDebt": "None",
        "longTermDebtNoncurrent": "None",
        "shortLongTermDebtTotal": "321000000",
        "otherCurrentLiabilities": "1961000000",
        "otherNonCurrentLiabilities": "None",
        "totalShareholderEquity": "10667000000",
        "treasuryStock": "0",
        "retainedEarnings": "5456000000",
        "commonStock": "3000000",
        "commonStockSharesOutstanding": "1823400000"
      },
      {
        "fiscalDateEnding": "2012-11-30",
        "reportedCurrency": "USD",
        "totalAssets": "15171000000",
        "totalCurrentAssets": "11435000000",
        "cashAndCashEquivalentsAtCarryingValue": "2291000000",
        "cashAndShortTermInvestments": "2291000000",
        "inventory": "3318000000",
        "currentNetReceivables": "3188000000",
        "totalNonCurrentAssets": "3736000000",
        "propertyPlantEquipment": "2258000000",
        "accumulatedDepreciationAmortizationPPE": "-3052000000",
        "intangibleAssets": "374000000",
        "intangibleAssetsExcludingGoodwill": "374000000",
        "goodwill": "131000000",
        "investments": "None",
        "longTermInvestments": "None",
        "shortTermInvestments": "1234000000",
        "otherCurrentAssets": "1404000000",
        "otherNonCurrentAssets": "None",
        "totalLiabilities": "5157000000",
        "totalCurrentLiabilities": "3799000000",
        "currentAccountsPayable": "1519000000",
        "deferredRevenue": "None",
        "currentDebt": "None",
        "shortTermDebt": "158000000",
        "totalNonCurrentLiabilities": "1358000000",
        "capitalLeaseObligations": "None",
        "longTermDebt": "170000000",
        "currentLongTermDebt": "None",
        "longTermDebtNoncurrent": "None",
        "shortLongTermDebtTotal": "328000000",
        "otherCurrentLiabilities": "2077000000",
        "otherNonCurrentLiabilities": "None",
        "totalShareholderEquity": "10014000000",
        "treasuryStock": "0",
        "retainedEarnings": "5029000000",
        "commonStock": "3000000",
        "commonStockSharesOutstanding": "1826400000"
      },
      {
        "fiscalDateEnding": "2012-08-31",
        "reportedCurrency": "USD",
        "totalAssets": "15114000000",
        "totalCurrentAssets": "11136000000",
        "cashAndCashEquivalentsAtCarryingValue": "2165000000",
        "cashAndShortTermInvestments": "2165000000",
        "inventory": "3411000000",
        "currentNetReceivables": "3431000000",
        "totalNonCurrentAssets": "3978000000",
        "propertyPlantEquipment": "2291000000",
        "accumulatedDepreciationAmortizationPPE": "-3068000000",
        "intangibleAssets": "536000000",
        "intangibleAssetsExcludingGoodwill": "536000000",
        "goodwill": "202000000",
        "investments": "None",
        "longTermInvestments": "None",
        "shortTermInvestments": "1102000000",
        "otherCurrentAssets": "1027000000",
        "otherNonCurrentAssets": "None",
        "totalLiabilities": "5067000000",
        "totalCurrentLiabilities": "3776000000",
        "currentAccountsPayable": "1551000000",
        "deferredRevenue": "None",
        "currentDebt": "None",
        "shortTermDebt": "138000000",
        "totalNonCurrentLiabilities": "1291000000",
        "capitalLeaseObligations": "None",
        "longTermDebt": "226000000",
        "currentLongTermDebt": "None",
        "longTermDebtNoncurrent": "None",
        "shortLongTermDebtTotal": "364000000",
        "otherCurrentLiabilities": "1974000000",
        "otherNonCurrentLiabilities": "None",
        "totalShareholderEquity": "10047000000",
        "treasuryStock": "0",
        "retainedEarnings": "5215000000",
        "commonStock": "3000000",
        "commonStockSharesOutstanding": "1845600000"
      },
      {
        "fiscalDateEnding": "2012-05-31",
        "reportedCurrency": "USD",
        "totalAssets": "15465000000",
        "totalCurrentAssets": "11845000000",
        "cashAndCashEquivalentsAtCarryingValue": "2317000000",
        "cashAndShortTermInvestments": "2317000000",
        "inventory": "3222000000",
        "currentNetReceivables": "3132000000",
        "totalNonCurrentAssets": "3620000000",
        "propertyPlantEquipment": "2279000000",
        "accumulatedDepreciationAmortizationPPE": "None",
        "intangibleAssets": "370000000",
        "intangibleAssetsExcludingGoodwill": "370000000",
        "goodwill": "131000000",
        "investments": "None",
        "longTermInvestments": "None",
        "shortTermInvestments": "1440000000",
        "otherCurrentAssets": "1734000000",
        "otherNonCurrentAssets": "None",
        "totalLiabilities": "5084000000",
        "totalCurrentLiabilities": "3882000000",
        "currentAccountsPayable": "1549000000",
        "deferredRevenue": "None",
        "currentDebt": "None",
        "shortTermDebt": "157000000",
        "totalNonCurrentLiabilities": "1202000000",
        "capitalLeaseObligations": "None",
        "longTermDebt": "228000000",
        "currentLongTermDebt": "None",
        "longTermDebtNoncurrent": "None",
        "shortLongTermDebtTotal": "385000000",
        "otherCurrentLiabilities": "2109000000",
        "otherNonCurrentLiabilities": "None",
        "totalShareholderEquity": "10381000000",
        "treasuryStock": "0",
        "retainedEarnings": "5588000000",
        "commonStock": "3000000",
        "commonStockSharesOutstanding": "1872400000"
      },
      {
        "fiscalDateEnding": "2012-02-29",
        "reportedCurrency": "USD",
        "totalAssets": "14794000000",
        "totalCurrentAssets": "10932000000",
        "cashAndCashEquivalentsAtCarryingValue": "2021000000",
        "cashAndShortTermInvestments": "2021000000",
        "inventory": "3356000000",
        "currentNetReceivables": "3296000000",
        "totalNonCurrentAssets": "3862000000",
        "propertyPlantEquipment": "2205000000",
        "accumulatedDepreciationAmortizationPPE": "-2967000000",
        "intangibleAssets": "534000000",
        "intangibleAssetsExcludingGoodwill": "534000000",
        "goodwill": "202000000",
        "investments": "None",
        "longTermInvestments": "None",
        "shortTermInvestments": "1176000000",
        "otherCurrentAssets": "1083000000",
        "otherNonCurrentAssets": "None",
        "totalLiabilities": "4618000000",
        "totalCurrentLiabilities": "3410000000",
        "currentAccountsPayable": "1298000000",
        "deferredRevenue": "None",
        "currentDebt": "None",
        "shortTermDebt": "140000000",
        "totalNonCurrentLiabilities": "1208000000",
        "capitalLeaseObligations": "None",
        "longTermDebt": "229000000",
        "currentLongTermDebt": "None",
        "longTermDebtNoncurrent": "None",
        "shortLongTermDebtTotal": "369000000",
        "otherCurrentLiabilities": "1913000000",
        "otherNonCurrentLiabilities": "None",
        "totalShareholderEquity": "10176000000",
        "treasuryStock": "0",
        "retainedEarnings": "5447000000",
        "commonStock": "3000000",
        "commonStockSharesOutstanding": "1869200000"
      },
      {
        "fiscalDateEnding": "2011-11-30",
        "reportedCurrency": "USD",
        "totalAssets": "14565000000",
        "totalCurrentAssets": "10725000000",
        "cashAndCashEquivalentsAtCarryingValue": "1929000000",
        "cashAndShortTermInvestments": "1929000000",
        "inventory": "3164000000",
        "currentNetReceivables": "3103000000",
        "totalNonCurrentAssets": "3840000000",
        "propertyPlantEquipment": "2177000000",
        "accumulatedDepreciationAmortizationPPE": "-2887000000",
        "intangibleAssets": "532000000",
        "intangibleAssetsExcludingGoodwill": "532000000",
        "goodwill": "201000000",
        "investments": "None",
        "longTermInvestments": "None",
        "shortTermInvestments": "1436000000",
        "otherCurrentAssets": "1093000000",
        "otherNonCurrentAssets": "None",
        "totalLiabilities": "4722000000",
        "totalCurrentLiabilities": "3563000000",
        "currentAccountsPayable": "1411000000",
        "deferredRevenue": "None",
        "currentDebt": "None",
        "shortTermDebt": "237000000",
        "totalNonCurrentLiabilities": "1159000000",
        "capitalLeaseObligations": "None",
        "longTermDebt": "234000000",
        "currentLongTermDebt": "None",
        "longTermDebtNoncurrent": "None",
        "shortLongTermDebtTotal": "471000000",
        "otherCurrentLiabilities": "1834000000",
        "otherNonCurrentLiabilities": "None",
        "totalShareholderEquity": "9843000000",
        "treasuryStock": "0",
        "retainedEarnings": "5290000000",
        "commonStock": "3000000",
        "commonStockSharesOutstanding": "1874000000"
      },
      {
        "fiscalDateEnding": "2011-08-31",
        "reportedCurrency": "USD",
        "totalAssets": "14803000000",
        "totalCurrentAssets": "11039000000",
        "cashAndCashEquivalentsAtCarryingValue": "1608000000",
        "cashAndShortTermInvestments": "1608000000",
        "inventory": "3107000000",
        "currentNetReceivables": "3279000000",
        "totalNonCurrentAssets": "3764000000",
        "propertyPlantEquipment": "2166000000",
        "accumulatedDepreciationAmortizationPPE": "-2868000000",
        "intangibleAssets": "536000000",
        "intangibleAssetsExcludingGoodwill": "536000000",
        "goodwill": "204000000",
        "investments": "None",
        "longTermInvestments": "None",
        "shortTermInvestments": "2092000000",
        "otherCurrentAssets": "953000000",
        "otherNonCurrentAssets": "None",
        "totalLiabilities": "4904000000",
        "totalCurrentLiabilities": "3760000000",
        "currentAccountsPayable": "1421000000",
        "deferredRevenue": "None",
        "currentDebt": "None",
        "shortTermDebt": "280000000",
        "totalNonCurrentLiabilities": "1144000000",
        "capitalLeaseObligations": "None",
        "longTermDebt": "238000000",
        "currentLongTermDebt": "None",
        "longTermDebtNoncurrent": "None",
        "shortLongTermDebtTotal": "518000000",
        "otherCurrentLiabilities": "1968000000",
        "otherNonCurrentLiabilities": "None",
        "totalShareholderEquity": "9899000000",
        "treasuryStock": "0",
        "retainedEarnings": "5653000000",
        "commonStock": "3000000",
        "commonStockSharesOutstanding": "1897200000"
      },
      {
        "fiscalDateEnding": "2011-05-31",
        "reportedCurrency": "USD",
        "totalAssets": "14998000000",
        "totalCurrentAssets": "11297000000",
        "cashAndCashEquivalentsAtCarryingValue": "1955000000",
        "cashAndShortTermInvestments": "1955000000",
        "inventory": "2715000000",
        "currentNetReceivables": "3138000000",
        "totalNonCurrentAssets": "3701000000",
        "propertyPlantEquipment": "2115000000",
        "accumulatedDepreciationAmortizationPPE": "None",
        "intangibleAssets": "487000000",
        "intangibleAssetsExcludingGoodwill": "487000000",
        "goodwill": "205000000",
        "investments": "None",
        "longTermInvestments": "None",
        "shortTermInvestments": "2583000000",
        "otherCurrentAssets": "906000000",
        "otherNonCurrentAssets": "None",
        "totalLiabilities": "5155000000",
        "totalCurrentLiabilities": "3958000000",
        "currentAccountsPayable": "1469000000",
        "deferredRevenue": "None",
        "currentDebt": "None",
        "shortTermDebt": "387000000",
        "totalNonCurrentLiabilities": "1197000000",
        "capitalLeaseObligations": "None",
        "longTermDebt": "276000000",
        "currentLongTermDebt": "None",
        "longTermDebtNoncurrent": "None",
        "shortLongTermDebtTotal": "663000000",
        "otherCurrentLiabilities": "1985000000",
        "otherNonCurrentLiabilities": "None",
        "totalShareholderEquity": "9843000000",
        "treasuryStock": "0",
        "retainedEarnings": "5801000000",
        "commonStock": "3000000",
        "commonStockSharesOutstanding": "1860000000"
      },
      {
        "fiscalDateEnding": "2011-02-28",
        "reportedCurrency": "USD",
        "totalAssets": "14478000000",
        "totalCurrentAssets": "10785000000",
        "cashAndCashEquivalentsAtCarryingValue": "2132000000",
        "cashAndShortTermInvestments": "2132000000",
        "inventory": "2536000000",
        "currentNetReceivables": "2985000000",
        "totalNonCurrentAssets": "3693000000",
        "propertyPlantEquipment": "2057000000",
        "accumulatedDepreciationAmortizationPPE": "-2747000000",
        "intangibleAssets": "472000000",
        "intangibleAssetsExcludingGoodwill": "472000000",
        "goodwill": "194000000",
        "investments": "None",
        "longTermInvestments": "None",
        "shortTermInvestments": "2333000000",
        "otherCurrentAssets": "799000000",
        "otherNonCurrentAssets": "None",
        "totalLiabilities": "4576000000",
        "totalCurrentLiabilities": "3342000000",
        "currentAccountsPayable": "1298000000",
        "deferredRevenue": "None",
        "currentDebt": "None",
        "shortTermDebt": "139000000",
        "totalNonCurrentLiabilities": "1234000000",
        "capitalLeaseObligations": "None",
        "longTermDebt": "276000000",
        "currentLongTermDebt": "None",
        "longTermDebtNoncurrent": "None",
        "shortLongTermDebtTotal": "415000000",
        "otherCurrentLiabilities": "1716000000",
        "otherNonCurrentLiabilities": "None",
        "totalShareholderEquity": "9902000000",
        "treasuryStock": "0",
        "retainedEarnings": "5954000000",
        "commonStock": "3000000",
        "commonStockSharesOutstanding": "1942000000"
      },
      {
        "fiscalDateEnding": "2010-11-30",
        "reportedCurrency": "USD",
        "totalAssets": "14464000000",
        "totalCurrentAssets": "10916000000",
        "cashAndCashEquivalentsAtCarryingValue": "1768000000",
        "cashAndShortTermInvestments": "1768000000",
        "inventory": "2348000000",
        "currentNetReceivables": "2792000000",
        "totalNonCurrentAssets": "3548000000",
        "propertyPlantEquipment": "2003000000",
        "accumulatedDepreciationAmortizationPPE": "-2638000000",
        "intangibleAssets": "469000000",
        "intangibleAssetsExcludingGoodwill": "469000000",
        "goodwill": "192000000",
        "investments": "None",
        "longTermInvestments": "None",
        "shortTermInvestments": "3021000000",
        "otherCurrentAssets": "987000000",
        "otherNonCurrentAssets": "None",
        "totalLiabilities": "4515000000",
        "totalCurrentLiabilities": "3248000000",
        "currentAccountsPayable": "1225000000",
        "deferredRevenue": "None",
        "currentDebt": "None",
        "shortTermDebt": "260000000",
        "totalNonCurrentLiabilities": "1267000000",
        "capitalLeaseObligations": "None",
        "longTermDebt": "338000000",
        "currentLongTermDebt": "None",
        "longTermDebtNoncurrent": "None",
        "shortLongTermDebtTotal": "598000000",
        "otherCurrentLiabilities": "1685000000",
        "otherNonCurrentLiabilities": "None",
        "totalShareholderEquity": "9949000000",
        "treasuryStock": "0",
        "retainedEarnings": "6043000000",
        "commonStock": "3000000",
        "commonStockSharesOutstanding": "1950400000"
      },
      {
        "fiscalDateEnding": "2010-08-31",
        "reportedCurrency": "USD",
        "totalAssets": "14051000000",
        "totalCurrentAssets": "10531000000",
        "cashAndCashEquivalentsAtCarryingValue": "2010000000",
        "cashAndShortTermInvestments": "2010000000",
        "inventory": "2210000000",
        "currentNetReceivables": "2791000000",
        "totalNonCurrentAssets": "3520000000",
        "propertyPlantEquipment": "1975000000",
        "accumulatedDepreciationAmortizationPPE": "-2560000000",
        "intangibleAssets": "470000000",
        "intangibleAssetsExcludingGoodwill": "470000000",
        "goodwill": "192000000",
        "investments": "None",
        "longTermInvestments": "None",
        "shortTermInvestments": "2678000000",
        "otherCurrentAssets": "842000000",
        "otherNonCurrentAssets": "None",
        "totalLiabilities": "4391000000",
        "totalCurrentLiabilities": "3142000000",
        "currentAccountsPayable": "1101000000",
        "deferredRevenue": "None",
        "currentDebt": "None",
        "shortTermDebt": "241000000",
        "totalNonCurrentLiabilities": "1249000000",
        "capitalLeaseObligations": "None",
        "longTermDebt": "342000000",
        "currentLongTermDebt": "None",
        "longTermDebtNoncurrent": "None",
        "shortLongTermDebtTotal": "583000000",
        "otherCurrentLiabilities": "1477000000",
        "otherNonCurrentLiabilities": "None",
        "totalShareholderEquity": "9660000000",
        "treasuryStock": "0",
        "retainedEarnings": "6011000000",
        "commonStock": "3000000",
        "commonStockSharesOutstanding": "1954400000"
      },
      {
        "fiscalDateEnding": "2010-05-31",
        "reportedCurrency": "USD",
        "totalAssets": "14419300000",
        "totalCurrentAssets": "10959200000",
        "cashAndCashEquivalentsAtCarryingValue": "3079100000",
        "cashAndShortTermInvestments": "3079100000",
        "inventory": "2040800000",
        "currentNetReceivables": "2649800000",
        "totalNonCurrentAssets": "3460100000",
        "propertyPlantEquipment": "1931900000",
        "accumulatedDepreciationAmortizationPPE": "None",
        "intangibleAssets": "467000000",
        "intangibleAssetsExcludingGoodwill": "467000000",
        "goodwill": "187600000",
        "investments": "None",
        "longTermInvestments": "None",
        "shortTermInvestments": "2066800000",
        "otherCurrentAssets": "1122700000",
        "otherNonCurrentAssets": "None",
        "totalLiabilities": "4665600000",
        "totalCurrentLiabilities": "3364200000",
        "currentAccountsPayable": "1254500000",
        "deferredRevenue": "None",
        "currentDebt": "None",
        "shortTermDebt": "146000000",
        "totalNonCurrentLiabilities": "1301400000",
        "capitalLeaseObligations": "None",
        "longTermDebt": "445800000",
        "currentLongTermDebt": "None",
        "longTermDebtNoncurrent": "None",
        "shortLongTermDebtTotal": "591800000",
        "otherCurrentLiabilities": "1904400000",
        "otherNonCurrentLiabilities": "None",
        "totalShareholderEquity": "9753700000",
        "treasuryStock": "0",
        "retainedEarnings": "6095500000",
        "commonStock": "2800000",
        "commonStockSharesOutstanding": "1918400000"
      },
      {
        "fiscalDateEnding": "2010-02-28",
        "reportedCurrency": "USD",
        "totalAssets": "13576300000",
        "totalCurrentAssets": "10088000000",
        "cashAndCashEquivalentsAtCarryingValue": "2225200000",
        "cashAndShortTermInvestments": "2225200000",
        "inventory": "2150300000",
        "currentNetReceivables": "2833800000",
        "totalNonCurrentAssets": "3488300000",
        "propertyPlantEquipment": "1962600000",
        "accumulatedDepreciationAmortizationPPE": "-2474600000",
        "intangibleAssets": "468000000",
        "intangibleAssetsExcludingGoodwill": "468000000",
        "goodwill": "190700000",
        "investments": "None",
        "longTermInvestments": "None",
        "shortTermInvestments": "1813700000",
        "otherCurrentAssets": "1065000000",
        "otherNonCurrentAssets": "None",
        "totalLiabilities": "4147400000",
        "totalCurrentLiabilities": "2846700000",
        "currentAccountsPayable": "994700000",
        "deferredRevenue": "None",
        "currentDebt": "None",
        "shortTermDebt": "116300000",
        "totalNonCurrentLiabilities": "1300700000",
        "capitalLeaseObligations": "None",
        "longTermDebt": "451900000",
        "currentLongTermDebt": "None",
        "longTermDebtNoncurrent": "None",
        "shortLongTermDebtTotal": "568200000",
        "otherCurrentLiabilities": "1647700000",
        "otherNonCurrentLiabilities": "None",
        "totalShareholderEquity": "9428900000",
        "treasuryStock": "0",
        "retainedEarnings": "5919100000",
        "commonStock": "2800000",
        "commonStockSharesOutstanding": "1969200000"
      },
      {
        "fiscalDateEnding": "2009-11-30",
        "reportedCurrency": "USD",
        "totalAssets": "13358400000",
        "totalCurrentAssets": "9765600000",
        "cashAndCashEquivalentsAtCarryingValue": "2035200000",
        "cashAndShortTermInvestments": "2035200000",
        "inventory": "2176300000",
        "currentNetReceivables": "2716500000",
        "totalNonCurrentAssets": "3592800000",
        "propertyPlantEquipment": "2023900000",
        "accumulatedDepreciationAmortizationPPE": "-2478600000",
        "intangibleAssets": "472500000",
        "intangibleAssetsExcludingGoodwill": "472500000",
        "goodwill": "196200000",
        "investments": "None",
        "longTermInvestments": "None",
        "shortTermInvestments": "1974800000",
        "otherCurrentAssets": "862800000",
        "otherNonCurrentAssets": "None",
        "totalLiabilities": "4134600000",
        "totalCurrentLiabilities": "2798300000",
        "currentAccountsPayable": "1008700000",
        "deferredRevenue": "None",
        "currentDebt": "None",
        "shortTermDebt": "110700000",
        "totalNonCurrentLiabilities": "1336300000",
        "capitalLeaseObligations": "None",
        "longTermDebt": "459600000",
        "currentLongTermDebt": "None",
        "longTermDebtNoncurrent": "None",
        "shortLongTermDebtTotal": "570300000",
        "otherCurrentLiabilities": "1597700000",
        "otherNonCurrentLiabilities": "None",
        "totalShareholderEquity": "9223800000",
        "treasuryStock": "0",
        "retainedEarnings": "5879200000",
        "commonStock": "2800000",
        "commonStockSharesOutstanding": "1978000000"
      },
      {
        "fiscalDateEnding": "2009-08-31",
        "reportedCurrency": "USD",
        "totalAssets": "13190600000",
        "totalCurrentAssets": "9606900000",
        "cashAndCashEquivalentsAtCarryingValue": "2260600000",
        "cashAndShortTermInvestments": "2260600000",
        "inventory": "2288400000",
        "currentNetReceivables": "2835300000",
        "totalNonCurrentAssets": "3583700000",
        "propertyPlantEquipment": "1980800000",
        "accumulatedDepreciationAmortizationPPE": "-2393000000",
        "intangibleAssets": "471200000",
        "intangibleAssetsExcludingGoodwill": "471200000",
        "goodwill": "194900000",
        "investments": "None",
        "longTermInvestments": "None",
        "shortTermInvestments": "1369200000",
        "otherCurrentAssets": "853400000",
        "otherNonCurrentAssets": "None",
        "totalLiabilities": "4100200000",
        "totalCurrentLiabilities": "2852800000",
        "currentAccountsPayable": "961900000",
        "deferredRevenue": "None",
        "currentDebt": "None",
        "shortTermDebt": "101800000",
        "totalNonCurrentLiabilities": "1247400000",
        "capitalLeaseObligations": "None",
        "longTermDebt": "443200000",
        "currentLongTermDebt": "None",
        "longTermDebtNoncurrent": "None",
        "shortLongTermDebtTotal": "545000000",
        "otherCurrentLiabilities": "1643400000",
        "otherNonCurrentLiabilities": "None",
        "totalShareholderEquity": "9090400000",
        "treasuryStock": "0",
        "retainedEarnings": "5827700000",
        "commonStock": "2800000",
        "commonStockSharesOutstanding": "1966400000"
      },
      {
        "fiscalDateEnding": "2009-05-31",
        "reportedCurrency": "USD",
        "totalAssets": "13249600000",
        "totalCurrentAssets": "9734000000",
        "cashAndCashEquivalentsAtCarryingValue": "2291100000",
        "cashAndShortTermInvestments": "2291100000",
        "inventory": "2357000000",
        "currentNetReceivables": "2883900000",
        "totalNonCurrentAssets": "3515600000",
        "propertyPlantEquipment": "1957700000",
        "accumulatedDepreciationAmortizationPPE": "None",
        "intangibleAssets": "467400000",
        "intangibleAssetsExcludingGoodwill": "467400000",
        "goodwill": "193500000",
        "investments": "None",
        "longTermInvestments": "None",
        "shortTermInvestments": "1164000000",
        "otherCurrentAssets": "1038000000",
        "otherNonCurrentAssets": "None",
        "totalLiabilities": "4556500000",
        "totalCurrentLiabilities": "3277000000",
        "currentAccountsPayable": "1031900000",
        "deferredRevenue": "None",
        "currentDebt": "None",
        "shortTermDebt": "374900000",
        "totalNonCurrentLiabilities": "1279500000",
        "capitalLeaseObligations": "None",
        "longTermDebt": "437200000",
        "currentLongTermDebt": "None",
        "longTermDebtNoncurrent": "None",
        "shortLongTermDebtTotal": "812100000",
        "otherCurrentLiabilities": "1783900000",
        "otherNonCurrentLiabilities": "None",
        "totalShareholderEquity": "8693100000",
        "treasuryStock": "None",
        "retainedEarnings": "5451400000",
        "commonStock": "2800000",
        "commonStockSharesOutstanding": "1936000000"
      },
      {
        "fiscalDateEnding": "2009-02-28",
        "reportedCurrency": "USD",
        "totalAssets": "12255700000",
        "totalCurrentAssets": "8998600000",
        "cashAndCashEquivalentsAtCarryingValue": "1892100000",
        "cashAndShortTermInvestments": "1892100000",
        "inventory": "2466600000",
        "currentNetReceivables": "2892400000",
        "totalNonCurrentAssets": "3257100000",
        "propertyPlantEquipment": "1893900000",
        "accumulatedDepreciationAmortizationPPE": "None",
        "intangibleAssets": "460700000",
        "intangibleAssetsExcludingGoodwill": "460700000",
        "goodwill": "187200000",
        "investments": "None",
        "longTermInvestments": "None",
        "shortTermInvestments": "712100000",
        "otherCurrentAssets": "1035400000",
        "otherNonCurrentAssets": "None",
        "totalLiabilities": "4044900000",
        "totalCurrentLiabilities": "2858200000",
        "currentAccountsPayable": "952000000",
        "deferredRevenue": "None",
        "currentDebt": "None",
        "shortTermDebt": "363100000",
        "totalNonCurrentLiabilities": "1186700000",
        "capitalLeaseObligations": "None",
        "longTermDebt": "437800000",
        "currentLongTermDebt": "None",
        "longTermDebtNoncurrent": "None",
        "shortLongTermDebtTotal": "800900000",
        "otherCurrentLiabilities": "1543100000",
        "otherNonCurrentLiabilities": "None",
        "totalShareholderEquity": "8210800000",
        "treasuryStock": "None",
        "retainedEarnings": "5231500000",
        "commonStock": "2800000",
        "commonStockSharesOutstanding": "1952400000"
      },
      {
        "fiscalDateEnding": "2008-11-30",
        "reportedCurrency": "USD",
        "totalAssets": "12634700000",
        "totalCurrentAssets": "8923400000",
        "cashAndCashEquivalentsAtCarryingValue": "1721500000",
        "cashAndShortTermInvestments": "1721500000",
        "inventory": "2419100000",
        "currentNetReceivables": "2737200000",
        "totalNonCurrentAssets": "3711300000",
        "propertyPlantEquipment": "1900900000",
        "accumulatedDepreciationAmortizationPPE": "None",
        "intangibleAssets": "650200000",
        "intangibleAssetsExcludingGoodwill": "650200000",
        "goodwill": "376800000",
        "investments": "None",
        "longTermInvestments": "None",
        "shortTermInvestments": "1008000000",
        "otherCurrentAssets": "1037600000",
        "otherNonCurrentAssets": "None",
        "totalLiabilities": "4518500000",
        "totalCurrentLiabilities": "3089600000",
        "currentAccountsPayable": "1124100000",
        "deferredRevenue": "None",
        "currentDebt": "None",
        "shortTermDebt": "348400000",
        "totalNonCurrentLiabilities": "1428900000",
        "capitalLeaseObligations": "None",
        "longTermDebt": "445500000",
        "currentLongTermDebt": "None",
        "longTermDebtNoncurrent": "None",
        "shortLongTermDebtTotal": "793900000",
        "otherCurrentLiabilities": "1617100000",
        "otherNonCurrentLiabilities": "None",
        "totalShareholderEquity": "8116200000",
        "treasuryStock": "None",
        "retainedEarnings": "5108700000",
        "commonStock": "2800000",
        "commonStockSharesOutstanding": "1959200000"
      },
      {
        "fiscalDateEnding": "2008-08-31",
        "reportedCurrency": "USD",
        "totalAssets": "12594800000",
        "totalCurrentAssets": "8944600000",
        "cashAndCashEquivalentsAtCarryingValue": "1625600000",
        "cashAndShortTermInvestments": "1625600000",
        "inventory": "2453900000",
        "currentNetReceivables": "3035400000",
        "totalNonCurrentAssets": "3650200000",
        "propertyPlantEquipment": "1874800000",
        "accumulatedDepreciationAmortizationPPE": "None",
        "intangibleAssets": "712400000",
        "intangibleAssetsExcludingGoodwill": "712400000",
        "goodwill": "425100000",
        "investments": "None",
        "longTermInvestments": "None",
        "shortTermInvestments": "966100000",
        "otherCurrentAssets": "863600000",
        "otherNonCurrentAssets": "None",
        "totalLiabilities": "4562200000",
        "totalCurrentLiabilities": "3311600000",
        "currentAccountsPayable": "1205900000",
        "deferredRevenue": "None",
        "currentDebt": "None",
        "shortTermDebt": "251600000",
        "totalNonCurrentLiabilities": "1250600000",
        "capitalLeaseObligations": "None",
        "longTermDebt": "407300000",
        "currentLongTermDebt": "None",
        "longTermDebtNoncurrent": "None",
        "shortLongTermDebtTotal": "658900000",
        "otherCurrentLiabilities": "1854100000",
        "otherNonCurrentLiabilities": "None",
        "totalShareholderEquity": "8032600000",
        "treasuryStock": "None",
        "retainedEarnings": "5045900000",
        "commonStock": "2800000",
        "commonStockSharesOutstanding": "1979600000"
      },
      {
        "fiscalDateEnding": "2008-05-31",
        "reportedCurrency": "USD",
        "totalAssets": "12442700000",
        "totalCurrentAssets": "8839300000",
        "cashAndCashEquivalentsAtCarryingValue": "2133900000",
        "cashAndShortTermInvestments": "2133900000",
        "inventory": "2438400000",
        "currentNetReceivables": "2795300000",
        "totalNonCurrentAssets": "3603400000",
        "propertyPlantEquipment": "1891100000",
        "accumulatedDepreciationAmortizationPPE": "None",
        "intangibleAssets": "743100000",
        "intangibleAssetsExcludingGoodwill": "743100000",
        "goodwill": "448800000",
        "investments": "None",
        "longTermInvestments": "None",
        "shortTermInvestments": "642200000",
        "otherCurrentAssets": "829500000",
        "otherNonCurrentAssets": "None",
        "totalLiabilities": "4617400000",
        "totalCurrentLiabilities": "3321500000",
        "currentAccountsPayable": "1287600000",
        "deferredRevenue": "None",
        "currentDebt": "None",
        "shortTermDebt": "184000000",
        "totalNonCurrentLiabilities": "1295900000",
        "capitalLeaseObligations": "None",
        "longTermDebt": "441100000",
        "currentLongTermDebt": "None",
        "longTermDebtNoncurrent": "None",
        "shortLongTermDebtTotal": "625100000",
        "otherCurrentLiabilities": "1849900000",
        "otherNonCurrentLiabilities": "None",
        "totalShareholderEquity": "7825300000",
        "treasuryStock": "None",
        "retainedEarnings": "5073300000",
        "commonStock": "2800000",
        "commonStockSharesOutstanding": "1948800000"
      },
      {
        "fiscalDateEnding": "2008-02-29",
        "reportedCurrency": "USD",
        "totalAssets": "11788200000",
        "totalCurrentAssets": "8904700000",
        "cashAndCashEquivalentsAtCarryingValue": "2242400000",
        "cashAndShortTermInvestments": "2242400000",
        "inventory": "2390900000",
        "currentNetReceivables": "2775500000",
        "totalNonCurrentAssets": "2883500000",
        "propertyPlantEquipment": "1820000000",
        "accumulatedDepreciationAmortizationPPE": "None",
        "intangibleAssets": "384400000",
        "intangibleAssetsExcludingGoodwill": "384400000",
        "goodwill": "130800000",
        "investments": "None",
        "longTermInvestments": "None",
        "shortTermInvestments": "684200000",
        "otherCurrentAssets": "811700000",
        "otherNonCurrentAssets": "None",
        "totalLiabilities": "4175000000",
        "totalCurrentLiabilities": "2943200000",
        "currentAccountsPayable": "1004700000",
        "deferredRevenue": "None",
        "currentDebt": "None",
        "shortTermDebt": "211900000",
        "totalNonCurrentLiabilities": "1231800000",
        "capitalLeaseObligations": "None",
        "longTermDebt": "446700000",
        "currentLongTermDebt": "None",
        "longTermDebtNoncurrent": "None",
        "shortLongTermDebtTotal": "658600000",
        "otherCurrentLiabilities": "1726600000",
        "otherNonCurrentLiabilities": "None",
        "totalShareholderEquity": "7613200000",
        "treasuryStock": "None",
        "retainedEarnings": "4982700000",
        "commonStock": "2800000",
        "commonStockSharesOutstanding": "2016521739"
      },
      {
        "fiscalDateEnding": "2007-11-30",
        "reportedCurrency": "USD",
        "totalAssets": "11454600000",
        "totalCurrentAssets": "8687400000",
        "cashAndCashEquivalentsAtCarryingValue": "2470500000",
        "cashAndShortTermInvestments": "2470500000",
        "inventory": "2223700000",
        "currentNetReceivables": "2617100000",
        "totalNonCurrentAssets": "2767200000",
        "propertyPlantEquipment": "1788100000",
        "accumulatedDepreciationAmortizationPPE": "None",
        "intangibleAssets": "409700000",
        "intangibleAssetsExcludingGoodwill": "409700000",
        "goodwill": "130800000",
        "investments": "None",
        "longTermInvestments": "None",
        "shortTermInvestments": "601000000",
        "otherCurrentAssets": "775100000",
        "otherNonCurrentAssets": "None",
        "totalLiabilities": "3962400000",
        "totalCurrentLiabilities": "2788900000",
        "currentAccountsPayable": "1053500000",
        "deferredRevenue": "None",
        "currentDebt": "None",
        "shortTermDebt": "125600000",
        "totalNonCurrentLiabilities": "1173500000",
        "capitalLeaseObligations": "None",
        "longTermDebt": "436300000",
        "currentLongTermDebt": "None",
        "longTermDebtNoncurrent": "None",
        "shortLongTermDebtTotal": "561900000",
        "otherCurrentLiabilities": "1609800000",
        "otherNonCurrentLiabilities": "None",
        "totalShareholderEquity": "7492200000",
        "treasuryStock": "None",
        "retainedEarnings": "4972700000",
        "commonStock": "2800000",
        "commonStockSharesOutstanding": "2024788732"
      },
      {
        "fiscalDateEnding": "2007-08-31",
        "reportedCurrency": "USD",
        "totalAssets": "11013500000",
        "totalCurrentAssets": "8341500000",
        "cashAndCashEquivalentsAtCarryingValue": "1973900000",
        "cashAndShortTermInvestments": "1973900000",
        "inventory": "2154900000",
        "currentNetReceivables": "2774100000",
        "totalNonCurrentAssets": "2672000000",
        "propertyPlantEquipment": "1717600000",
        "accumulatedDepreciationAmortizationPPE": "None",
        "intangibleAssets": "409500000",
        "intangibleAssetsExcludingGoodwill": "409500000",
        "goodwill": "130800000",
        "investments": "None",
        "longTermInvestments": "None",
        "shortTermInvestments": "817400000",
        "otherCurrentAssets": "621200000",
        "otherNonCurrentAssets": "None",
        "totalLiabilities": "3658900000",
        "totalCurrentLiabilities": "2615400000",
        "currentAccountsPayable": "971500000",
        "deferredRevenue": "None",
        "currentDebt": "None",
        "shortTermDebt": "146000000",
        "totalNonCurrentLiabilities": "1043500000",
        "capitalLeaseObligations": "None",
        "longTermDebt": "420900000",
        "currentLongTermDebt": "None",
        "longTermDebtNoncurrent": "None",
        "shortLongTermDebtTotal": "566900000",
        "otherCurrentLiabilities": "1497900000",
        "otherNonCurrentLiabilities": "None",
        "totalShareholderEquity": "7354600000",
        "treasuryStock": "None",
        "retainedEarnings": "5017600000",
        "commonStock": "2800000",
        "commonStockSharesOutstanding": "2034642857"
      },
      {
        "fiscalDateEnding": "2007-05-31",
        "reportedCurrency": "USD",
        "totalAssets": "10688300000",
        "totalCurrentAssets": "8076500000",
        "cashAndCashEquivalentsAtCarryingValue": "1856700000",
        "cashAndShortTermInvestments": "1856700000",
        "inventory": "2121900000",
        "currentNetReceivables": "2494700000",
        "totalNonCurrentAssets": "2611800000",
        "propertyPlantEquipment": "1678300000",
        "accumulatedDepreciationAmortizationPPE": "None",
        "intangibleAssets": "409900000",
        "intangibleAssetsExcludingGoodwill": "409900000",
        "goodwill": "130800000",
        "investments": "None",
        "longTermInvestments": "None",
        "shortTermInvestments": "990300000",
        "otherCurrentAssets": "612900000",
        "otherNonCurrentAssets": "None",
        "totalLiabilities": "3662900000",
        "totalCurrentLiabilities": "2584000000",
        "currentAccountsPayable": "1040300000",
        "deferredRevenue": "None",
        "currentDebt": "None",
        "shortTermDebt": "131300000",
        "totalNonCurrentLiabilities": "1078900000",
        "capitalLeaseObligations": "None",
        "longTermDebt": "409900000",
        "currentLongTermDebt": "None",
        "longTermDebtNoncurrent": "None",
        "shortLongTermDebtTotal": "541200000",
        "otherCurrentLiabilities": "1412400000",
        "otherNonCurrentLiabilities": "None",
        "totalShareholderEquity": "7025400000",
        "treasuryStock": "None",
        "retainedEarnings": "4885200000",
        "commonStock": "2800000",
        "commonStockSharesOutstanding": "1998947368"
      },
      {
        "fiscalDateEnding": "2007-02-28",
        "reportedCurrency": "USD",
        "totalAssets": "10218600000",
        "totalCurrentAssets": "7640100000",
        "cashAndCashEquivalentsAtCarryingValue": "1879200000",
        "cashAndShortTermInvestments": "1879200000",
        "inventory": "2167800000",
        "currentNetReceivables": "2532000000",
        "totalNonCurrentAssets": "2578500000",
        "propertyPlantEquipment": "1654600000",
        "accumulatedDepreciationAmortizationPPE": "None",
        "intangibleAssets": "406100000",
        "intangibleAssetsExcludingGoodwill": "406100000",
        "goodwill": "130800000",
        "investments": "None",
        "longTermInvestments": "None",
        "shortTermInvestments": "390500000",
        "otherCurrentAssets": "670600000",
        "otherNonCurrentAssets": "None",
        "totalLiabilities": "3370600000",
        "totalCurrentLiabilities": "2312700000",
        "currentAccountsPayable": "800900000",
        "deferredRevenue": "None",
        "currentDebt": "None",
        "shortTermDebt": "126600000",
        "totalNonCurrentLiabilities": "1057900000",
        "capitalLeaseObligations": "None",
        "longTermDebt": "419400000",
        "currentLongTermDebt": "None",
        "longTermDebtNoncurrent": "None",
        "shortLongTermDebtTotal": "546000000",
        "otherCurrentLiabilities": "1385200000",
        "otherNonCurrentLiabilities": "None",
        "totalShareholderEquity": "6848000000",
        "treasuryStock": "None",
        "retainedEarnings": "4818200000",
        "commonStock": "2800000",
        "commonStockSharesOutstanding": "2037101449"
      },
      {
        "fiscalDateEnding": "2006-11-30",
        "reportedCurrency": "USD",
        "totalAssets": "9822200000",
        "totalCurrentAssets": "7209600000",
        "cashAndCashEquivalentsAtCarryingValue": "1102900000",
        "cashAndShortTermInvestments": "1102900000",
        "inventory": "2167200000",
        "currentNetReceivables": "2387600000",
        "totalNonCurrentAssets": "2612600000",
        "propertyPlantEquipment": "1673000000",
        "accumulatedDepreciationAmortizationPPE": "None",
        "intangibleAssets": "406700000",
        "intangibleAssetsExcludingGoodwill": "406700000",
        "goodwill": "130800000",
        "investments": "None",
        "longTermInvestments": "None",
        "shortTermInvestments": "804400000",
        "otherCurrentAssets": "747500000",
        "otherNonCurrentAssets": "None",
        "totalLiabilities": "3284100000",
        "totalCurrentLiabilities": "2285200000",
        "currentAccountsPayable": "880300000",
        "deferredRevenue": "None",
        "currentDebt": "None",
        "shortTermDebt": "89800000",
        "totalNonCurrentLiabilities": "998900000",
        "capitalLeaseObligations": "None",
        "longTermDebt": "383500000",
        "currentLongTermDebt": "None",
        "longTermDebtNoncurrent": "None",
        "shortLongTermDebtTotal": "473300000",
        "otherCurrentLiabilities": "1315100000",
        "otherNonCurrentLiabilities": "None",
        "totalShareholderEquity": "6538100000",
        "treasuryStock": "None",
        "retainedEarnings": "4651200000",
        "commonStock": "2800000",
        "commonStockSharesOutstanding": "2052789116"
      },
      {
        "fiscalDateEnding": "2006-08-31",
        "reportedCurrency": "USD",
        "totalAssets": "9570500000",
        "totalCurrentAssets": "6999100000",
        "cashAndCashEquivalentsAtCarryingValue": "1030700000",
        "cashAndShortTermInvestments": "1030700000",
        "inventory": "2134300000",
        "currentNetReceivables": "2569100000",
        "totalNonCurrentAssets": "2571400000",
        "propertyPlantEquipment": "1648700000",
        "accumulatedDepreciationAmortizationPPE": "None",
        "intangibleAssets": "407500000",
        "intangibleAssetsExcludingGoodwill": "407500000",
        "goodwill": "130800000",
        "investments": "None",
        "longTermInvestments": "None",
        "shortTermInvestments": "693900000",
        "otherCurrentAssets": "571100000",
        "otherNonCurrentAssets": "None",
        "totalLiabilities": "3349600000",
        "totalCurrentLiabilities": "2409700000",
        "currentAccountsPayable": "867700000",
        "deferredRevenue": "None",
        "currentDebt": "None",
        "shortTermDebt": "91800000",
        "totalNonCurrentLiabilities": "939900000",
        "capitalLeaseObligations": "None",
        "longTermDebt": "380400000",
        "currentLongTermDebt": "None",
        "longTermDebtNoncurrent": "None",
        "shortLongTermDebtTotal": "472200000",
        "otherCurrentLiabilities": "1450200000",
        "otherNonCurrentLiabilities": "None",
        "totalShareholderEquity": "6220900000",
        "treasuryStock": "None",
        "retainedEarnings": "4543100000",
        "commonStock": "2800000",
        "commonStockSharesOutstanding": "2005650280"
      },
      {
        "fiscalDateEnding": "2006-05-31",
        "reportedCurrency": "USD",
        "totalAssets": "9869600000",
        "totalCurrentAssets": "7359000000",
        "cashAndCashEquivalentsAtCarryingValue": "954200000",
        "cashAndShortTermInvestments": "954200000",
        "inventory": "2076700000",
        "currentNetReceivables": "2395900000",
        "totalNonCurrentAssets": "2510600000",
        "propertyPlantEquipment": "1657700000",
        "accumulatedDepreciationAmortizationPPE": "None",
        "intangibleAssets": "405500000",
        "intangibleAssetsExcludingGoodwill": "405500000",
        "goodwill": "130800000",
        "investments": "None",
        "longTermInvestments": "None",
        "shortTermInvestments": "1348800000",
        "otherCurrentAssets": "583400000",
        "otherNonCurrentAssets": "None",
        "totalLiabilities": "3584400000",
        "totalCurrentLiabilities": "2623300000",
        "currentAccountsPayable": "952200000",
        "deferredRevenue": "None",
        "currentDebt": "None",
        "shortTermDebt": "298700000",
        "totalNonCurrentLiabilities": "961100000",
        "capitalLeaseObligations": "None",
        "longTermDebt": "410700000",
        "currentLongTermDebt": "None",
        "longTermDebtNoncurrent": "None",
        "shortLongTermDebtTotal": "709400000",
        "otherCurrentLiabilities": "1372400000",
        "otherNonCurrentLiabilities": "None",
        "totalShareholderEquity": "6285200000",
        "treasuryStock": "None",
        "retainedEarnings": "4713400000",
        "commonStock": "2800000",
        "commonStockSharesOutstanding": "2025234899"
      },
      {
        "fiscalDateEnding": "2006-02-28",
        "reportedCurrency": "USD",
        "totalAssets": "9518200000",
        "totalCurrentAssets": "7044700000",
        "cashAndCashEquivalentsAtCarryingValue": "1472100000",
        "cashAndShortTermInvestments": "1472100000",
        "inventory": "2034200000",
        "currentNetReceivables": "2351600000",
        "totalNonCurrentAssets": "2473500000",
        "propertyPlantEquipment": "1598400000",
        "accumulatedDepreciationAmortizationPPE": "None",
        "intangibleAssets": "541500000",
        "intangibleAssetsExcludingGoodwill": "541500000",
        "goodwill": "541500000",
        "investments": "None",
        "longTermInvestments": "None",
        "shortTermInvestments": "535000000",
        "otherCurrentAssets": "651800000",
        "otherNonCurrentAssets": "None",
        "totalLiabilities": "3256600000",
        "totalCurrentLiabilities": "2304200000",
        "currentAccountsPayable": "785800000",
        "deferredRevenue": "None",
        "currentDebt": "None",
        "shortTermDebt": "334000000",
        "totalNonCurrentLiabilities": "952400000",
        "capitalLeaseObligations": "None",
        "longTermDebt": "411300000",
        "currentLongTermDebt": "None",
        "longTermDebtNoncurrent": "None",
        "shortLongTermDebtTotal": "745300000",
        "otherCurrentLiabilities": "1184400000",
        "otherNonCurrentLiabilities": "None",
        "totalShareholderEquity": "6261600000",
        "treasuryStock": "None",
        "retainedEarnings": "4718800000",
        "commonStock": "2800000",
        "commonStockSharesOutstanding": "2118122744"
      },
      {
        "fiscalDateEnding": "2005-11-30",
        "reportedCurrency": "USD",
        "totalAssets": "9144100000",
        "totalCurrentAssets": "6696500000",
        "cashAndCashEquivalentsAtCarryingValue": "1134500000",
        "cashAndShortTermInvestments": "1134500000",
        "inventory": "1892700000",
        "currentNetReceivables": "2166200000",
        "totalNonCurrentAssets": "2447600000",
        "propertyPlantEquipment": "1585800000",
        "accumulatedDepreciationAmortizationPPE": "None",
        "intangibleAssets": "539300000",
        "intangibleAssetsExcludingGoodwill": "539300000",
        "goodwill": "539300000",
        "investments": "None",
        "longTermInvestments": "None",
        "shortTermInvestments": "920000000",
        "otherCurrentAssets": "583100000",
        "otherNonCurrentAssets": "None",
        "totalLiabilities": "3062600000",
        "totalCurrentLiabilities": "2161100000",
        "currentAccountsPayable": "797100000",
        "deferredRevenue": "None",
        "currentDebt": "None",
        "shortTermDebt": "333700000",
        "totalNonCurrentLiabilities": "901500000",
        "capitalLeaseObligations": "None",
        "longTermDebt": "408300000",
        "currentLongTermDebt": "None",
        "longTermDebtNoncurrent": "None",
        "shortLongTermDebtTotal": "742000000",
        "otherCurrentLiabilities": "1030300000",
        "otherNonCurrentLiabilities": "None",
        "totalShareholderEquity": "6081500000",
        "treasuryStock": "None",
        "retainedEarnings": "4599200000",
        "commonStock": "2800000",
        "commonStockSharesOutstanding": "2112982456"
      },
      {
        "fiscalDateEnding": "2005-08-31",
        "reportedCurrency": "USD",
        "totalAssets": "9115700000",
        "totalCurrentAssets": "6666300000",
        "cashAndCashEquivalentsAtCarryingValue": "1588900000",
        "cashAndShortTermInvestments": "1588900000",
        "inventory": "1850600000",
        "currentNetReceivables": "2390600000",
        "totalNonCurrentAssets": "2449400000",
        "propertyPlantEquipment": "1581200000",
        "accumulatedDepreciationAmortizationPPE": "None",
        "intangibleAssets": "540100000",
        "intangibleAssetsExcludingGoodwill": "540100000",
        "goodwill": "540100000",
        "investments": "None",
        "longTermInvestments": "None",
        "shortTermInvestments": "304200000",
        "otherCurrentAssets": "532000000",
        "otherNonCurrentAssets": "None",
        "totalLiabilities": "3151900000",
        "totalCurrentLiabilities": "2233500000",
        "currentAccountsPayable": "768500000",
        "deferredRevenue": "None",
        "currentDebt": "None",
        "shortTermDebt": "320300000",
        "totalNonCurrentLiabilities": "918400000",
        "capitalLeaseObligations": "None",
        "longTermDebt": "428400000",
        "currentLongTermDebt": "None",
        "longTermDebtNoncurrent": "None",
        "shortLongTermDebtTotal": "748700000",
        "otherCurrentLiabilities": "1144700000",
        "otherNonCurrentLiabilities": "None",
        "totalShareholderEquity": "5963800000",
        "treasuryStock": "None",
        "retainedEarnings": "4614700000",
        "commonStock": "2800000",
        "commonStockSharesOutstanding": "2148074534"
      }
    ]
  },
  "CASH_FLOW": {
    "Information": "We have detected your API key as NEP64MJPPTJKLK8L and our standard API rate limit is 25 requests per day. Please subscribe to any of the premium plans at https://www.alphavantage.co/premium/ to instantly remove all daily rate limits."
  }
}